2954 4748
713 306 757 371 46

146 485 190 549 iis
213 484 309 569 enim,
333 505 417 570 quae
441 483 474 548 in
498 483 637 569 epistula
653 482 694 548 de
709 483 853 548 Domitio
870 483 1078 569 disputantur
1094 483 1165 570 (cfr.
1183 484 1325 549 maxime

150 590 232 657 illud
255 591 287 681 (ξ
311 592 360 680 2);
386 599 519 675 praeter
541 595 739 676 opinionem)
763 612 836 655 eam
859 613 982 676 paucos
1005 599 1078 678 post
1109 590 1190 675 dies,
1226 612 1325 677 quam

150 698 342 785 Pompeium
372 707 404 763 et
433 698 588 765 Crassum
617 697 765 762 consules
797 698 904 762 creari
938 697 1023 763 velle
1058 696 1169 784 palam
1200 698 1325 763 factum

145 815 245 890 esset,
269 804 380 870 datam
403 827 473 890 esse
497 804 594 891 plane
618 814 761 886 constat,
784 804 870 870 hanc
893 827 972 871 vero
988 827 1057 870 rem
1072 804 1233 871 accidisse
1249 813 1325 870 ante

149 911 235 979 Nor.
261 912 381 977 diserte
396 912 461 977 Dio
486 911 653 1001 (XXXIX
676 914 730 1001 30)
751 911 862 979 tradit.
908 911 1057 996 Accedit,
1081 911 1170 999 quod
1186 910 1325 997 epistula

151 1018 338 1105 conscripta
360 1028 409 1084 est
433 1017 530 1105 paulo
554 1030 629 1083 ante
653 1019 751 1084 finem
768 1018 919 1085 ludorum
935 1018 1152 1105 publicorum,
1176 1019 1232 1105 qui
1255 1017 1325 1084 ludi

146 1126 291 1191 Romani
313 1125 413 1191 fuisse
437 1125 591 1191 videntur
614 1125 646 1215 (ξ
672 1128 709 1192 1:
745 1130 832 1196 lodis
853 1130 981 1213 peridem
1003 1132 1153 1213 quoniam
1182 1130 1250 1195 dieo
1281 1134 1325 1194 est

146 1236 306 1319 additas).
353 1232 445 1297 Haeo
468 1241 554 1316 sunt,
589 1255 649 1299 cur
672 1232 844 1320 epistulam
867 1233 974 1300 medio
1002 1235 1070 1299 fere
1094 1232 1184 1320 Sept.
1214 1232 1326 1298 datam

144 1361 220 1405 esse
243 1339 321 1404 mihi
343 1340 571 1425 persuaserim.

258 1448 315 1530 59)
339 1447 412 1512 Lex
437 1446 554 1513 Clodia
586 1446 627 1513 de
651 1446 764 1537 Cypro
796 1446 903 1513 insula
931 1447 1133 1535 publicanda
1166 1469 1253 1513 anno
1282 1448 1325 1514 58
1402 1523 1404 1532 Ι

150 1553 217 1620 lata
241 1563 289 1619 est
312 1553 405 1620 brevi
428 1563 502 1640 post
524 1554 631 1640 legem
655 1555 696 1619 de
725 1554 840 1620 exsilio
864 1555 1032 1621 Ciceronis
1057 1555 1112 1640 (de
1142 1554 1229 1622 dom.
1254 1554 1324 1637 65);

147 1661 271 1726 deinde
295 1661 377 1727 Cato
407 1661 488 1726 exiit
511 1661 615 1727 Roma
640 1661 798 1729 Cicerone
823 1661 919 1747 (Sest.
945 1664 1001 1746 60)
1033 1672 1064 1726 et
1093 1662 1238 1728 Caesare
1270 1661 1325 1746 (de

148 1768 239 1836 dom.
264 1770 320 1852 22)
344 1768 480 1835 tardius.
526 1768 707 1855 Idemque
731 1778 877 1854 tempore
906 1769 983 1834 anni
1011 1771 1055 1836 56
1083 1768 1229 1852 redierit,
1261 1791 1324 1833 non

148 1876 231 1940 :satis
256 1884 399 1958 constat3
431 1875 577 1941 nondum
601 1875 734 1962 quidem
763 1874 917 1960 redierat,
949 1898 1023 1941 cum
1047 1876 1183 1942 Caesari
1212 1875 1324 1940 decem

146 1981 252 2068 legati
282 2006 302 2048 a
332 1992 448 2048 senatu
481 1982 604 2048 decreti
634 1991 709 2048 sunt
732 1981 830 2068 (Plut.
856 1982 950 2049 Caes.
979 1985 1051 2066 21);
1083 2005 1180 2070 porro
1202 1983 1324 2048 Romae

145 2090 216 2155 iam
232 2089 349 2156 aderat
363 2099 442 2178 tum,
467 2113 541 2156 cum
552 2089 727 2176 Pompeius
744 2102 776 2154 et
788 2087 926 2155 Crassus
943 2090 1145 2155 consulatum
1168 2089 1324 2176 petebant

146 2194 249 2282 (Plut.
285 2196 357 2264 Cat.
387 2197 463 2265 min.
494 2199 567 2280 41);
603 2197 744 2282 denique
779 2219 843 2283 quo
875 2206 1021 2283 tempore
1054 2196 1161 2281 rediit,
1199 2197 1324 2282 frigora

145 2303 216 2368 iam
238 2313 333 2369 erant
355 2326 415 2390 per
437 2313 565 2370 noctem
589 2303 623 2389 (l.
648 2304 667 2371 l.
691 2304 759 2387 38).
896 2307 899 2313 ’

257 2412 314 2494 60)
338 2411 424 2475 Vide
447 2410 653 2476 Koernerum
676 2433 709 2496 p.
735 2411 788 2477 25.

257 2519 314 2602 61)
336 2518 512 2604 Pompeius
535 2526 567 2582 et
591 2517 730 2585 Crassus
755 2517 905 2583 consules
929 2517 1030 2583 creati
1060 2529 1133 2583 sunt
1163 2541 1249 2583 auno
1280 2519 1321 2583 56

146 2624 349 2692 circumacto
366 2625 444 2711 (Dio
460 2624 617 2689 XXXIX
639 2627 707 2709 31),
731 2647 816 2690 anno
840 2627 884 2690 55
900 2634 976 2692 ante
992 2647 1022 2692 a.
1040 2624 1072 2692 d.
1089 2624 1207 2691 1111d,
1225 2624 1321 2691 Febr.

146 2731 230 2817 (Qu.
253 2733 293 2800 fr.
318 2732 351 2796 II
378 2734 421 2815 Ι).
1183 2750 1186 2755 ·

258 2841 315 2922 62)
339 2839 440 2904 Recte
457 2839 498 2904 de
514 2839 576 2904 hac
592 2862 642 2926 ep.
659 2839 819 2904 iudicavit
835 2839 1023 2905 Koernerus
1040 2844 1085 2925 (p.
1103 2839 1171 2923 28),
1189 2839 1322 2906 maximi

146 2968 229 3010 vero
254 2946 408 3032 ponderis
432 2955 517 3030 sunt,
550 2968 634 3032 quae
658 2946 870 3012 Drumannus
895 2945 1066 3011 adnotavit
1089 2944 1155 3031 (III
1178 2948 1321 3033 279,39).

145 3050 190 3117 In
222 3053 337 3118 eadem
360 3075 412 3139 ep.
437 3058 470 3138 (ξ
494 3055 529 3137 3)
559 3063 634 3118 ante
664 3051 760 3119 illud:
795 3078 891 3139 qoam
922 3078 973 3136 epo
1001 3056 1149 3121 dixeram
1172 3053 1321 3119 Baiterns

151 3160 426 3246 praepositionem
463 3160 528 3245 ‘in’,
561 3159 819 3245 Wesenbergius
855 3182 929 3225 cum
964 3158 1151 3229 Schuetzio:
1190 3161 1320 3225 ‘contra

145 3266 396 3354 suppleverunt,
428 3290 513 3353 quae
543 3267 677 3332 mutatio
708 3289 814 3353 neque
847 3267 1034 3332 necessaria
1066 3305 1106 3315 —-
1136 3267 1207 3331 fieri
1239 3267 1321 3332 enim

151 3382 268 3460 potest,
299 3382 335 3438 ut
364 3373 491 3459 Cicero,
525 3396 623 3460 quam
651 3375 845 3439 sententiam
868 3373 1025 3438 Afranius
1053 3373 1148 3457 dixit,
1184 3374 1321 3439 eandem

147 3491 250 3545 antea
273 3480 395 3562 Quinto
419 3489 592 3567 praesente
615 3480 747 3566 dixerit,
770 3521 815 3530 -
838 3503 943 3566 neque
971 3502 1079 3545 rernm
1108 3481 1240 3546 eventui
1271 3503 1321 3546 ao·

151 3587 358 3654 commodata
381 3600 429 3652 est
453 3589 526 3674 (cfr.
549 3589 627 3655 fam.
644 3588 660 3652 l
677 3591 708 3672 9,
728 3591 792 3671 19).
838 3587 990 3674 Denique
1006 3587 1153 3672 Longius
1170 3593 1216 3674 (p.
1234 3590 1321 3672 337),

145 3717 235 3781 quae
258 3695 293 3759 in
316 3701 336 3779 ξ
360 3697 380 3760 3
404 3694 460 3760 illa
482 3694 666 3779 traduntur,
691 3717 864 3783 perperam
887 3696 1128 3780 interpretatur,
1153 3717 1228 3760 cum
1252 3716 1322 3760 eam

150 3801 280 3867 Afranii
311 3802 504 3867 sententiam
535 3802 635 3867 fuisse
664 3802 762 3885 dicat,
797 3813 832 3866 ut
863 3810 1040 3888 praetores,
1076 3824 1149 3866 cum
1182 3803 1321 3888 primum

145 3909 253 3974 creati
277 3919 393 3993 essent,
418 3909 565 3995 protinus
588 3910 814 3994 magistratum
837 3909 973 3990 inirent3
998 3907 1082 3973 hauc
1098 3909 1185 3973 enim
1201 3909 1321 4001 opinio-

149 4037 225 4080 nem
247 4015 366 4082 falsam
390 4039 460 4081 esse
484 4040 527 4081 ex
550 4015 612 4081 illis
637 4016 804 4082 Ciceronis
834 4015 944 4080 verbis
968 4015 1002 4101 (l.
1026 4015 1078 4099 l.):
1102 4021 1157 4103 qui
1179 4016 1320 4099 Afranio

146 4147 223 4192 com
256 4137 357 4192 essent
393 4128 532 4205 adsensi,
562 4127 768 4204 addiderant,
798 4133 833 4192 ut
861 4129 1097 4208 praetererito
1128 4133 1320 4202 crearentur,

144 4241 184 4300 'at
208 4237 273 4300 dies
297 4234 367 4299 LX
382 4237 506 4314 priootr'
528 4245 638 4313 essent,
661 4231 739 4298 satis
763 4240 862 4317 patet,

258 4340 316 4425 63)
339 4338 401 4424 Ep.
441 4339 552 4403 datam
586 4361 675 4424 esse,
715 4348 888 4425 postquam
922 4337 1095 4424 Pompeius
1129 4337 1242 4402 consul
1275 4344 1321 4401 est
