2954 4748
711 284 751 346 41

147 457 297 523 schliesst
320 459 432 543 damit,
453 459 535 524 'dass
557 482 633 525 man
659 483 723 525 von
741 460 882 541 Quintus
901 460 1251 547 Getreidesendungen
1275 485 1323 526 er·

145 575 257 648 warte,
282 565 397 630 sobald
423 566 482 632 das
498 567 589 632 Meer
612 567 734 632 wieder
759 570 844 633 offen
868 570 946 652 sei‘,
970 591 1031 654 ego
1056 569 1098 633 de
1114 570 1175 635 hac
1192 593 1227 635 re
1243 568 1324 635 nibil

146 675 181 738 in
203 664 343 760 epistula
366 672 443 759 legi.
490 674 644 741 Ceterum
668 675 795 741 dehac
819 699 870 762 ep.
896 678 1008 742 confer
1031 676 1109 742 adn.
1132 700 1239 742 meam
1268 679 1322 744 44.

254 781 310 864 47)
335 787 355 864 ξ
377 783 399 845 4
417 781 510 847 huius
527 781 695 867 epistulae,
719 804 804 868 quae
821 793 869 847 est
885 805 936 869 ep.
954 782 1030 848 Vll.
1047 783 1136 868 apud
1154 781 1322 868 Orellium,

148 910 268 954 novam
291 888 463 974 epistulam
486 912 556 954 esse
572 889 760 955 Koernerus
778 897 822 975 (p.
842 891 985 974 17-18)
1002 913 1044 954 ex
1061 890 1115 955 illo
1131 895 1165 978 (ξ
1181 892 1202 955 3
1225 892 1324 977 extr.)

147 996 289 1081 colligit:
325 1006 360 1064 ta
388 1002 435 1065 nri
454 1001 560 1079 frater
581 1003 680 1066 simul
703 1007 738 1065 at
765 1003 817 1065 illc
846 1002 968 1068 arcuerit
999 1007 1060 1063 eto.
1091 994 1218 1062 conlato
1249 1018 1324 1061 oum

148 1114 297 1169 extrema
326 1107 407 1188 §43
444 1104 563 1170 deinde
595 1104 730 1170 alteram
763 1104 848 1170 hano
877 1103 1048 1190 epistulam
1079 1104 1141 1172 ΙΙΙ.
1166 1103 1215 1170 Id.
1241 1103 1323 1188 Apa

148 1211 257 1276 datam
281 1233 420 1297 eumque
452 1211 538 1275 diem
566 1211 599 1274 in
628 1211 736 1297 capite
768 1212 837 1276 eius
868 1210 1025 1297 epistulae
1050 1217 1083 1293 (ξ
1106 1213 1141 1294 4)
1166 1209 1323 1295 scriptum

146 1341 216 1383 esse
240 1342 260 1383 a
284 1317 390 1383 Tullio
415 1318 461 1406 (in
485 1319 634 1383 Mediceo
658 1319 721 1385 ita:
755 1320 797 1384 ad
821 1343 844 1408 y
868 1319 933 1402 Id.)
965 1342 1040 1383 cum
1062 1317 1191 1383 Klotzio
1215 1318 1323 1385 sentit.

139 1425 213 1495 Sed
242 1425 295 1490 vir
321 1424 375 1490 ille
405 1425 519 1490 doctus
548 1447 599 1490 me
630 1426 674 1490 ad
704 1448 796 1491 suam
827 1426 1021 1491 sententiam
1057 1409 1221 1490 adducere
1255 1446 1322 1488 non

147 1532 268 1614 valuit,
291 1555 450 1618 namque:
478 1535 510 1615 1)
533 1532 639 1597 verba
662 1531 718 1599 illa
742 1532 876 1598 laudata
900 1538 934 1616 (ξ,
949 1535 970 1596 3
987 1539 1085 1615 extr.)
1102 1555 1144 1596 ex
1161 1555 1210 1616 ca,
1234 1553 1320 1617 quae

149 1637 312 1704 antecedit
335 1639 509 1704 sententia:
547 1643 585 1707 ab
616 1663 649 1706 eo
675 1645 784 1722 petivi,
815 1649 850 1708 ut
872 1649 901 1707 tc
931 1643 1020 1708 nobis
1052 1643 1196 1707 redderet
1224 1637 1321 1703 facile

149 1744 377 1831 explicantur,
409 1748 443 1828 2)
468 1745 591 1810 nullam
615 1746 683 1810 vidi
707 1746 881 1831 epistulam
904 1745 1098 1831 Tullianam,
1137 1745 1228 1810 cuius
1258 1744 1323 1810 tale

81 1861 84 1867 ’
149 1863 233 1917 esset
253 1853 398 1918 initium:
432 1879 462 1921 o.
486 1857 516 1921 d.
549 1857 605 1921 VI.
631 1857 682 1921 Id.
706 1857 789 1938 Apa.
822 1859 904 1922 huuc
932 1859 1101 1936 episttilma
1125 1857 1325 1937 conscripsi,⁸

146 1960 279 2046 saepius
302 1982 380 2024 vero
406 1960 564 2025 eiusmodi
588 1960 694 2026 verba
718 1960 826 2025 media
843 1960 982 2046 epistula
998 1959 1150 2043 leguntur
1167 1961 1226 2026 cfr.
1243 1961 1321 2026 fam.

146 2068 171 2131 12
187 2070 218 2151 2,
242 2069 263 2131 4
287 2067 350 2148 Qu.
376 2068 416 2132 fr.
441 2066 476 2131 II
500 2070 530 2151 3,
558 2069 575 2132 7
600 2067 668 2134 Att.
692 2067 741 2131 IV
768 2070 818 2152 li),
844 2069 874 2133 8.

253 2173 403 2260 Epistula
436 2174 536 2259 igitur
568 2174 647 2240 data
679 2187 727 2239 est
762 2199 791 2240 a.
824 2175 856 2241 d.
882 2174 939 2240 VI.
965 2174 1015 2240 Id.
1041 2176 1133 2260 Apa,
1170 2197 1233 2259 quo
1269 2173 1323 2238 die

150 2279 263 2345 Cicero
287 2280 391 2345 Roma
414 2279 446 2343 in
471 2281 694 2363 Anagninum,
718 2304 782 2345 non
814 2281 846 2344 in
872 2280 1103 2367 Tusculanmn,
1128 2279 1215 2366 quod
1240 2301 1323 2345 som-

150 2387 251 2462 niavit
275 2387 462 2452 Koernerus
487 2395 531 2473 (p.
560 2392 624 2472 19),
649 2389 812 2473 profectus
837 2401 889 2452 est
909 2395 941 2472 (ξ
965 2391 1010 2470 4).
1146 2397 1147 2400 ’

254 2495 311 2578 48)
335 2494 374 2558 In
390 2494 544 2579 Arpinati
567 2496 656 2560 circa
679 2495 757 2562 Idus
775 2496 890 2561 Cicero
916 2504 985 2559 erat
1010 2517 1068 2580 per
1092 2494 1235 2580 quinque
1252 2494 1323 2559 dies

148 2601 226 2685 (Qua
250 2602 289 2668 fr.
314 2600 348 2664 II
371 2602 403 2683 5,
427 2603 472 2689 4),
497 2602 584 2666 unde
607 2602 781 2687 epistulam
798 2602 910 2666 datam
926 2625 996 2665 esse
1014 2602 1175 2686 adparere
1192 2601 1324 2666 videtur

147 2731 190 2772 ex
214 2707 268 2772 illo
293 2711 327 2793 (ξ)
342 2710 393 2793 3);
417 2711 629 2791 Arpinatium
642 2710 791 2790 fremitus
815 2719 875 2774 etc.
907 2708 1095 2772 Koernerus
1112 2714 1157 2793 (p.
1175 2709 1321 2790 20-21)

146 2815 245 2902 paulo
268 2831 343 2900 post
358 2814 437 2880 Idus
461 2814 633 2900 epistulam
657 2815 767 2881 datam
787 2838 862 2880 'esse
878 2815 1028 2900 scripsit3
1053 2814 1122 2900 ipse
1139 2815 1225 2878 enim
1242 2838 1270 2881 a.
1289 2815 1321 2880 d.

147 2923 209 2989 III.
233 2917 284 2989 Id.
308 2963 352 2972 —-
375 2945 440 2986 non
464 2946 494 2989 a.
520 2923 552 2988 d.
578 2922 634 2989 VI.
664 2923 725 3008 Id.,
749 2923 797 2987 uti
821 2945 882 3004 ego
898 2963 943 2971 --
962 2922 1154 2987 Ciceronem
1177 2921 1210 2984 in
1234 2922 1323 2985 Ana·

147 3031 294 3114 gninum,
310 3029 398 3094 unde
421 3031 455 3094 in
471 3029 640 3094 Laterium
664 3039 695 3093 et
710 3030 744 3092 in
759 3029 903 3114 Arpinas
920 3029 1018 3115 venit,
1043 3028 1237 3112 migravisse
1253 3026 1323 3091 vult

148 3144 197 3224 (p.¹
220 3137 285 3225 18),
309 3137 397 3223 quod
422 3147 535 3202 contra
559 3137 635 3200 vide
658 3136 734 3202 adn.
759 3130 829 3221 sup.
1355 3138 1357 3143 ’

254 3247 311 3327 49)
334 3244 508 3329 Pompeius
532 3244 635 3314 Roma
657 3242 783 3308 Lucam
807 3244 971 3328 proiectus
1000 3253 1049 3307 est
1072 3266 1101 3308 a.
1127 3241 1158 3309 d.
1183 3241 1245 3307 ΠΙ.
1270 3239 1321 3306 Id.

150 3350 230 3435 Apr.
256 3351 333 3435 (Qu.
358 3350 397 3416 fr.
422 3351 456 3415 II
480 3353 511 3435 ὃ,
536 3354 581 3436 3),
614 3350 702 3436 quod
726 3351 787 3414 iter
811 3351 1004 3417 OCXXXV
1027 3351 1096 3415 fere
1119 3347 1242 3413 milium
1274 3357 1323 3412 est

150 3456 236 3543 (Itin.
252 3458 374 3524 Anton.
399 3481 430 3543 p.
458 3460 520 3523 136
544 3467 576 3522 et
602 3459 805 3540 138-139);
829 3457 887 3522 sed
903 3458 1077 3543 Pompeius
1101 3456 1134 3519 in
1150 3455 1321 3520 itineribus

150 3585 354 3650 properasse,
382 3565 428 3628 uti
453 3564 494 3628 de
519 3565 663 3630 Caesare
688 3575 814 3629 constat
839 3569 941 3647 (Suet.
967 3565 1061 3629 Caes.
1086 3563 1153 3648 57),
1185 3585 1250 3626 non
1274 3563 1322 3628 vi-

149 3671 258 3753 detur,
291 3671 408 3757 quodsi
440 3670 577 3756 singulis
606 3671 723 3736 diebus
747 3672 849 3735 XXX
879 3672 932 3735 vel
956 3670 1018 3735 XL
1049 3668 1140 3735 milia
1172 3669 1322 3756 confecit,

149 3779 279 3844 circiter
303 3802 332 3844 a.
358 3778 390 3845 d.
414 3779 510 3845 XIII.
534 3778 608 3846 Kal.
633 3779 711 3847 Mai.
735 3778 862 3844 Lucam
886 3779 1046 3864 pervenit.

256 3887 313 3969 50)
337 3886 434 3950 Hanc
458 3885 636 3950 orationem
659 3885 804 3950 habitam
829 3908 899 3950 esse
923 3894 1096 3972 postquam
1113 3884 1229 3951 Cicero
1246 3894 1324 3949 ante

148 3993 233 4078 prid.
250 3992 334 4058 Non.
351 3992 456 4057 Maias
472 3992 608 4057 Romam
631 3992 781 4057 rediisset
797 3992 875 4076 (Qu.
898 3994 938 4059 fr.
963 3992 996 4056 11
1020 3993 1053 4076 ἶ),
1075 3994 1122 4076 4),
1146 4001 1322 4078 antequam
1421 4031 1423 4035 ·

150 4099 191 4164 de
215 4121 297 4184 agro
322 4099 490 4184 Campano
515 4099 650 4185 Pompei
673 4099 829 4165 mandata
853 4098 1033 4184 accepisset
1056 4099 1146 4186 (fam.
1170 4099 1241 4181 19,
1267 4100 1322 4184 10)

149 4206 170 4272 i.
195 4229 222 4273 e.
248 4217 324 4272 ante
348 4206 426 4271 Idus
450 4206 555 4271 Maias
579 4206 727 4291 Langius
751 4207 815 4291 (III
840 4208 906 4272 330
916 4211 940 4290 2)
964 4206 1041 4271 inde
1073 4206 1190 4291 effecit,
1223 4204 1321 4292 quod,

149 4335 213 4398 quo
244 4323 389 4399 tempore
422 4335 494 4378 eam
522 4311 646 4397 habuit,
671 4312 787 4378 Cicero
816 4335 921 4398 neque
953 4312 1149 4398 aPompeio
1181 4310 1322 4376 monitus
