2954 4748
714 281 758 346 60

146 458 226 524 libri
242 458 301 525 IV.
326 458 368 523 ad
385 459 455 524 Au.
480 457 638 542 epistulae
661 457 742 522 satis
767 457 954 538 declarant,
980 455 1098 520 deinde
1122 477 1197 521 eam
1212 455 1321 521 Attici

149 565 322 651 epistulam
346 588 376 632 a.
402 565 432 632 d.
457 565 498 631 V.
523 565 573 629 Id.
599 564 689 630 Sext.
714 563 843 649 Epheso
872 563 986 628 datam
1012 564 1078 628 iam
1110 563 1244 628 ineunte
1278 585 1327 629 m.

148 672 237 758 Sept.
261 673 295 736 in
312 672 479 738 Ciceronis
502 672 654 736 manibus
677 672 777 736 fuisse
800 671 931 735 minime
955 680 1093 754 constat,
1118 670 1198 756 quin
1222 671 1324 735 etiam

147 779 363 867 improbabile
380 789 428 844 est
451 803 524 844 eam
547 779 588 843 ob
613 801 756 863 cansam,
781 778 868 864 quod
885 777 1044 864 epistulae
1060 800 1077 842 e
1095 777 1210 843 Cilicia
1227 800 1327 863 prov,

147 887 283 973 septimo
299 887 551 973 quadragesimo
577 885 629 950 die
653 886 833 969 ‘celeriter',
857 885 994 950 Athenis
1018 906 1082 950 uno
1107 894 1139 949 et
1163 884 1328 950 vicesimo

148 994 201 1059 die
229 997 317 1059 ‘sane
349 996 488 1059 strenue’
518 993 655 1058 Romam
685 993 877 1058 ferebantur
907 992 990 1074 (Au.
1024 991 1055 1056 V
1092 994 1143 1076 19,
1180 994 1209 1076 1,
1229 992 1328 1056 Iam.

147 1100 229 1166 XIV
255 1104 286 1185 ὁ,
313 1103 356 1180 1).

260 1210 336 1293 101)
359 1207 453 1272 Haeo
476 1229 527 1292 ep.
552 1217 624 1292 post
649 1229 699 1292 ep.
723 1209 754 1273 4.
779 1208 847 1271 eius
871 1204 946 1271 libri
969 1206 1055 1286 {data
1084 1216 1142 1290 est,
1165 1206 1200 1270 id
1232 1205 1326 1292 quod

149 1338 192 1380 ex
216 1316 265 1398 iis,
297 1315 438 1400 quaein
461 1326 600 1400 utraque
625 1313 665 1378 de
690 1313 831 1379 Gabinio
862 1323 1081 1399 exponuntur,
1112 1312 1228 1397 elucet,
1262 1312 1330 1377 sed⁴

148 1445 212 1486 non
242 1423 287 1486 ita
314 1419 415 1486 multo
444 1430 518 1506 post
541 1421 613 1503 (cfr.
638 1427 658 1504 ξ
682 1423 702 1485 6
726 1442 800 1485 cum
825 1421 886 1502 Qu.
910 1421 949 1487 fr.
974 1422 1080 1505 1114,
1105 1423 1157 1503 ὁ),
1189 1419 1327 1508 deinde,

147 1551 212 1615 quo
236 1539 381 1614 tempore
406 1527 484 1592 data
515 1538 573 1608 est,
598 1527 713 1593 Cicero
737 1529 840 1592 Roma
863 1528 980 1592 aberat
1004 1533 1037 1609 (ξ
1062 1529 1098 1593 2:
1130 1533 1160 1596 si
1183 1530 1327 1597 Romam

149 1638 291 1722 uerrere),
321 1635 409 1698 unde
433 1657 505 1699 eam
536 1635 622 1699 inter
653 1635 739 1700 diem
763 1635 872 1702 XXV.
897 1634 971 1701 Oct.
995 1646 1027 1699 et
1058 1634 1144 1699 diem
1168 1635 1211 1702 ΙΙ.
1237 1635 1327 1702 Nov.

152 1741 228 1826 (Qu.
253 1742 293 1806 fr.
317 1743 423 1830 1114,
448 1746 481 1822 6)
507 1742 619 1807 datam
643 1764 713 1807 esse
735 1752 837 1827 patet.

257 1852 333 1936 102)
358 1850 425 1916 Cfr.
443 1856 463 1933 ξ
481 1852 515 1914 1;
533 1854 621 1920 cadit
636 1855 721 1918 euim
737 1856 773 1918 111
790 1854 1014 1919 absolutionem
1033 1852 1227 1930 Galatarum
1245 1857 1265 1935 ξ
1282 1851 1326 1917 2:

148 1959 285 2025 1101110111
309 1981 379 2025 rum
402 1982 520 2026 uerrere.
1160 2027 1164 2038 ,

259 2066 334 2145 103)
359 2064 427 2130 Cfr.
445 2067 462 2150 ξ
487 2065 524 2133 6:
541 2069 776 2149 perluctuosum
788 2066 855 2145 fuit
871 2091 900 2132 a.
917 2069 947 2132 d.
971 2067 1072 2132 VIII.
1089 2068 1167 2133 Kal.
1184 2067 1261 2133 Dec.
1287 2074 1326 2130 et

148 2173 230 2255 §31
263 2176 301 2240 de
323 2177 437 2241 uirtute
459 2181 488 2239 et
507 2177 664 2258 pravitate
690 2176 839 2240 Caesam's
867 2181 928 2237 etc.
975 2173 1015 2236 In
1039 2178 1059 2256 ξ
1085 2175 1100 2236 1
1135 2171 1256 2255 legitur
1288 2173 1326 2236 in

149 2277 262 2343 codiee
277 2278 439 2344 Medieeo:
467 2283 602 2348 alteram
624 2287 652 2346 te
674 2282 788 2347 scribis
805 2282 917 2363 pridie
931 2281 1073 2348 Labieuo
1088 2283 1222 2363 dedisse,
1246 2284 1328 2365 quia

149 2389 253 2453 adimo
276 2409 341 2452 uou
363 2394 507 2468 remeat,-
530 2385 592 2450 hoc
614 2386 711 2471 ‘quia’
735 2408 846 2450 omnes
871 2385 1012 2450 editores
1036 2394 1247 2451 mutaverunt
1270 2387 1328 2452 in:

149 2491 234 2577 ‘qui’,
265 2490 323 2555 sed
346 2491 415 2556 sine
439 2491 538 2557 dubio
563 2492 804 2557 emendandum
835 2502 900 2558 est:
932 2493 1036 2578 ‘quae'
1060 2495 1134 2575 (cfr.
1167 2493 1244 2561 fam.
1270 2493 1323 2558 XI

149 2600 201 2681 24,
226 2600 260 2664 2:
292 2602 368 2666 dum
390 2603 448 2667 11111
470 2603 582 2668 literae
605 2624 691 2668 meae
713 2605 852 2680 oeulaut,
877 2585 974 2665 Ovid.
999 2600 1080 2665 Her.
1103 2602 1134 2685 2,
1161 2602 1194 2665 1:
1225 2604 1329 2669 litera

147 2710 264 2793 ueuit);
307 2728 383 2771 nam
414 2705 592 2792 Labienus,
627 2707 778 2774 Caesaris
811 2707 864 2772 ille
893 2706 1034 2792 legatus,
1069 2730 1177 2794 neque
1208 2729 1327 2772 mense

148 2811 328 2877 Novembri
350 2836 456 2899 neque
479 2822 549 2879 tota
578 2813 683 2879 hieme
706 2814 843 2879 Romam
875 2815 1041 2900 profectus
1073 2824 1133 2898 est,
1166 2815 1201 2879 id
1231 2814 1323 2901 quod·

149 2942 191 2984 ex
215 2921 277 2984 isto
300 2919 372 2985 loco
403 2920 481 2985 belli
510 2919 620 3005 gallici
644 2945 665 2987 a
689 2921 830 2987 Caesare
859 2922 972 3007 scripti
996 2923 1042 3008 (V
1065 2924 1138 3007 24):
1170 2935 1328 3008 quartam

148 3031 296 3114 lesionem
319 3033 356 3096 111
379 3030 490 3096 Remis
519 3052 590 3096 cum
616 3032 687 3098 Tuo
709 3032 854 3098 Lulieuo
885 3034 922 3097 111
950 3034 1086 3115 coufiulo
1111 3032 1328 3098 Treuerorum

148 3138 288 3203 humare
311 3140 405 3203 lusse't
429 3135 566 3221 aliisque
588 3136 696 3200 multis
720 3136 764 3221 (b.
788 3158 820 3220 g.
837 3135 868 3200 V
884 3138 937 3215 37,
961 3138 1022 3218 533
1047 3136 1096 3200 VI
1120 3138 1151 3223 ἶ),
1176 3137 1327 3202 maxime

150 3239 213 3322 Qu.
238 3243 277 3308 fr.
302 3243 354 3306 III
380 3244 408 3326 1,
433 3245 467 3327 2)
499 3252 624 3307 certum
656 3254 719 3325 est3
754 3243 871 3329 quodsi
896 3243 1038 3325 Quintus
1071 3242 1247 3328 epistulam
1278 3243 1328 3309 ad

148 3347 283 3413 fratrem
307 3349 464 3434 scriptam
479 3348 627 3413 Labieno
649 3350 748 3433 dedit,
772 3349 807 3413 id
824 3350 985 3434 agitabat,
1008 3359 1046 3414 ut
1061 3350 1229 3415 Labienus
1246 3372 1324 3416 eam

148 3477 208 3540 per
237 3455 427 3520 tabellarios
460 3478 534 3520 suos
565 3457 702 3522 Romam
735 3457 894 3539 mitterem
934 3455 1102 3522 Labienus
1138 3457 1224 3522 onim
1254 3458 1328 3523 suis

149 3562 330 3627 tabellariis
353 3563 517 3646 utebatur,
542 3563 577 3627 id
601 3563 688 3649 quod
722 3565 756 3628 in
789 3564 904 3629 eadem
928 3564 1068 3649 epistula
1090 3567 1122 3650 (ς
1146 3566 1180 3652 2)
1205 3563 1328 3630 Cicero

150 3680 273 3748 narrat.
319 3670 371 3734 De
394 3670 460 3735 filio
484 3681 593 3736 autem
608 3670 749 3735 Labieni
772 3671 895 3736 idcireo
921 3671 1060 3756 cogitari
1083 3671 1206 3757 nequit,
1231 3671 1326 3757 quod.

149 3777 218 3842 eius
242 3786 319 3842 ante
343 3800 464 3842 annum
487 3779 530 3843 43
555 3800 584 3844 a.
610 3777 686 3844 Chr.
710 3778 799 3844 nulla
829 3801 968 3866 usquam
1000 3779 1091 3844 facta
1120 3788 1169 3843 est
1200 3779 1328 3844 mentio

149 3894 181 3949 et
205 3884 320 3950 Cicero
352 3907 467 3950 vocem
499 3886 584 3950 ‘filio’
619 3895 708 3951 certe
731 3885 926 3971 addidisset,
962 3888 990 3951 si
1012 3887 1111 3951 istum
1135 3886 1329 3970 significare
1409 3967 1412 3974 Ι

148 3991 314 4060 voluisset.
346 3992 516 4058 Ceterum
539 3993 597 4058 cfr.
616 3992 678 4074 Qu.
703 3993 743 4058 fr.
767 3993 819 4057 ΠΙ
846 3995 875 4076 1,
893 3996 932 4059 2:
957 4005 987 4063 et
1009 3997 1053 4063 ud
1075 3997 1256 4062 Labienum
1285 4032 1321 4044 -

148 4105 261 4169 literas
276 4103 365 4168 dabo.
385 4091 387 4095 ¹

258 4209 334 4295 104)
359 4208 479 4273 Confer
495 4209 563 4272 Att.
580 4207 629 4272 IV
655 4211 705 4292 19,
730 4210 768 4273 2:
793 4212 926 4277 lutherus
941 4212 1073 4295 1091111110
1088 4211 1225 4295 elipandi
1240 4213 1329 4292 optio

150 4325 213 4383 etc.
238 4339 313 4381 cum
330 4316 392 4398 Qu.
417 4316 457 4382 fr.
480 4316 533 4380 III
557 4316 587 4400 8,
612 4317 648 4388 2:
673 4320 727 4384 1111
749 4321 833 4384 euim
850 4321 906 4385 isti
920 4321 987 4384 se'ut
1002 4320 1119 4384 Neruii
1146 4352 1181 4365 —
1208 4321 1328 4384 uescio.
