<?xml version="1.0" encoding="UTF-8"?>
<!DOCTYPE html PUBLIC "-//W3C//DTD XHTML 1.0 Transitional//EN"
    "http://www.w3.org/TR/xhtml1/DTD/xhtml1-transitional.dtd">
<html xmlns="http://www.w3.org/1999/xhtml" xml:lang="en" lang="en">
 <head>
  <title>
</title>
<meta http-equiv="Content-Type" content="text/html;charset=utf-8" />
  <meta name='ocr-system' content='tesseract 3.04.00' />
  <meta name='ocr-capabilities' content='ocr_page ocr_carea ocr_par ocr_line ocrx_word'/>
</head>
<body>
  <div class='ocr_page' id='page_1' title='image "./ephemeridestull00rausgoog_0052.png"; bbox 0 0 2954 4748; ppageno 0'>
   <div class='ocr_carea' id='block_1_1' title="bbox 715 317 761 382">
    <p class='ocr_par' dir='ltr' id='par_1_1' title="bbox 715 317 761 382">
     <span class='ocr_line' id='line_1_1' title="bbox 715 317 761 382; baseline 0.043 -2"><span class='ocrx_word' id='word_1_1' title='bbox 715 317 761 382; x_wconf 77' lang='lat'><strong>47</strong></span> 
     </span>
    </p>
   </div>
   <div class='ocr_carea' id='block_1_2' title="bbox 102 491 1330 4325">
    <p class='ocr_par' dir='ltr' id='par_1_2' title="bbox 102 491 1330 1862">
     <span class='ocr_line' id='line_1_2' title="bbox 102 491 1330 579; baseline -0.002 -18"><span class='ocrx_word' id='word_1_2' title='bbox 102 533 105 539; x_wconf 95' lang='lat'>·</span> <span class='ocrx_word' id='word_1_3' title='bbox 144 501 292 577; x_wconf 80' lang='lat' dir='ltr'><strong>creatus,</strong></span> <span class='ocrx_word' id='word_1_4' title='bbox 327 517 369 560; x_wconf 86' lang='lat' dir='ltr'><strong>ex</strong></span> <span class='ocrx_word' id='word_1_5' title='bbox 394 499 414 577; x_wconf 64' lang='grc' dir='ltr'><em>ξ</em></span> <span class='ocrx_word' id='word_1_6' title='bbox 440 496 455 559; x_wconf 97' lang='grc'>1</span> <span class='ocrx_word' id='word_1_7' title='bbox 492 492 563 558; x_wconf 89' lang='lat' dir='ltr'><strong>reri</strong></span> <span class='ocrx_word' id='word_1_8' title='bbox 593 491 790 558; x_wconf 89' lang='lat' dir='ltr'><strong>simillimum</strong></span> <span class='ocrx_word' id='word_1_9' title='bbox 820 501 886 574; x_wconf 69' lang='lat' dir='ltr'><strong>est,</strong></span> <span class='ocrx_word' id='word_1_10' title='bbox 919 491 954 557; x_wconf 94' lang='lat' dir='ltr'><strong>id</strong></span> <span class='ocrx_word' id='word_1_11' title='bbox 985 491 1116 579; x_wconf 89' lang='lat' dir='ltr'><strong>quidem</strong></span> <span class='ocrx_word' id='word_1_12' title='bbox 1141 491 1330 558; x_wconf 88' lang='lat' dir='ltr'><strong>Koernerus</strong></span> 
     </span>
     <span class='ocr_line' id='line_1_3' title="bbox 144 598 1327 687; baseline -0.002 -21"><span class='ocrx_word' id='word_1_13' title='bbox 144 605 199 687; x_wconf 81' lang='lat' dir='ltr'><strong>(p.</strong></span> <span class='ocrx_word' id='word_1_14' title='bbox 225 602 293 685; x_wconf 78' lang='grc'>27),</span> <span class='ocrx_word' id='word_1_15' title='bbox 317 600 374 687; x_wconf 91' lang='lat' dir='ltr'><strong>qui</strong></span> <span class='ocrx_word' id='word_1_16' title='bbox 397 600 467 686; x_wconf 91' lang='lat' dir='ltr'><strong>ipse</strong></span> <span class='ocrx_word' id='word_1_17' title='bbox 491 598 664 686; x_wconf 81' lang='lat' dir='ltr'><strong>epistulam</strong></span> <span class='ocrx_word' id='word_1_18' title='bbox 688 599 766 664; x_wconf 94' lang='lat' dir='ltr'><strong>anni</strong></span> <span class='ocrx_word' id='word_1_19' title='bbox 788 598 1016 686; x_wconf 86' lang='lat' dir='ltr'><strong>praecedentis</strong></span> <span class='ocrx_word' id='word_1_20' title='bbox 1032 600 1135 664; x_wconf 90' lang='lat' dir='ltr'><strong>mensi</strong></span> <span class='ocrx_word' id='word_1_21' title='bbox 1151 599 1327 665; x_wconf 90' lang='lat' dir='ltr'><strong>Decembri</strong></span> 
     </span>
     <span class='ocr_line' id='line_1_4' title="bbox 146 705 1328 793; baseline -0.003 -19"><span class='ocrx_word' id='word_1_22' title='bbox 146 705 322 790; x_wconf 73' lang='lat' dir='ltr'><strong>adtribuit,</strong></span> <span class='ocrx_word' id='word_1_23' title='bbox 346 715 457 791; x_wconf 86' lang='lat' dir='ltr'><strong>negat,</strong></span> <span class='ocrx_word' id='word_1_24' title='bbox 481 729 562 793; x_wconf 90' lang='lat' dir='ltr'><strong>quas</strong></span> <span class='ocrx_word' id='word_1_25' title='bbox 580 728 659 774; x_wconf 88' lang='lat' dir='ltr'><strong>vero</strong></span> <span class='ocrx_word' id='word_1_26' title='bbox 683 705 791 772; x_wconf 83' lang='lat' dir='ltr'><strong>adfert</strong></span> <span class='ocrx_word' id='word_1_27' title='bbox 814 706 955 771; x_wconf 91' lang='lat' dir='ltr'><strong>rationes</strong></span> <span class='ocrx_word' id='word_1_28' title='bbox 972 706 1078 771; x_wconf 91' lang='lat' dir='ltr'><strong>minus</strong></span> <span class='ocrx_word' id='word_1_29' title='bbox 1101 705 1228 788; x_wconf 71' lang='lat' dir='ltr'><strong>valent,</strong></span> <span class='ocrx_word' id='word_1_30' title='bbox 1252 729 1328 772; x_wconf 92' lang='lat' dir='ltr'><strong>nam</strong></span> 
     </span>
     <span class='ocr_line' id='line_1_5' title="bbox 142 798 1328 902; baseline -0.001 -23"><span class='ocrx_word' id='word_1_31' title='bbox 142 798 269 902; x_wconf 68' lang='lat' dir='ltr'><strong>‘potiri’</strong></span> <span class='ocrx_word' id='word_1_32' title='bbox 297 819 331 898; x_wconf 65' lang='grc' dir='ltr'><strong>(ξ</strong></span> <span class='ocrx_word' id='word_1_33' title='bbox 354 815 388 898; x_wconf 78' lang='grc' dir='ltr'><strong>ὁ)</strong></span> <span class='ocrx_word' id='word_1_34' title='bbox 428 813 566 878; x_wconf 88' lang='lat' dir='ltr'><strong>verbum</strong></span> <span class='ocrx_word' id='word_1_35' title='bbox 596 813 787 900; x_wconf 83' lang='lat' dir='ltr'><strong>saepissime</strong></span> <span class='ocrx_word' id='word_1_36' title='bbox 821 813 909 878; x_wconf 90' lang='lat' dir='ltr'><strong>idem</strong></span> <span class='ocrx_word' id='word_1_37' title='bbox 940 813 1104 898; x_wconf 79' lang='lat' dir='ltr'><strong>significat</strong></span> <span class='ocrx_word' id='word_1_38' title='bbox 1131 837 1171 879; x_wconf 91' lang='lat' dir='ltr'><strong>ac</strong></span> <span class='ocrx_word' id='word_1_39' title='bbox 1198 816 1328 878; x_wconf 79' lang='lat' dir='ltr'><strong>‘tenere&#39;</strong></span> 
     </span>
     <span class='ocr_line' id='line_1_6' title="bbox 148 918 1329 1008; baseline 0 -23"><span class='ocrx_word' id='word_1_40' title='bbox 148 929 188 992; x_wconf 78' lang='lat' dir='ltr'><strong>et</strong></span> <span class='ocrx_word' id='word_1_41' title='bbox 210 929 358 1007; x_wconf 88' lang='lat' dir='ltr'><strong>tempora</strong></span> <span class='ocrx_word' id='word_1_42' title='bbox 381 921 502 1004; x_wconf 82' lang='lat' dir='ltr'><strong>futura,</strong></span> <span class='ocrx_word' id='word_1_43' title='bbox 531 920 673 1008; x_wconf 86' lang='lat' dir='ltr'><strong>quaein</strong></span> <span class='ocrx_word' id='word_1_44' title='bbox 697 926 717 1004; x_wconf 63' lang='grc' dir='ltr'><strong><em>ξ</em></strong></span> <span class='ocrx_word' id='word_1_45' title='bbox 740 921 762 985; x_wconf 79' lang='grc' dir='ltr'>ὀ</span> <span class='ocrx_word' id='word_1_46' title='bbox 784 918 947 1005; x_wconf 83' lang='lat' dir='ltr'><strong>leguntur,</strong></span> <span class='ocrx_word' id='word_1_47' title='bbox 979 918 1076 985; x_wconf 90' lang='lat' dir='ltr'><strong>facile</strong></span> <span class='ocrx_word' id='word_1_48' title='bbox 1104 919 1181 986; x_wconf 89' lang='lat' dir='ltr'><strong>iude</strong></span> <span class='ocrx_word' id='word_1_49' title='bbox 1205 919 1329 985; x_wconf 87' lang='lat' dir='ltr'><strong>intelle-</strong></span> 
     </span>
     <span class='ocr_line' id='line_1_7' title="bbox 145 1025 1327 1114; baseline 0 -21"><span class='ocrx_word' id='word_1_50' title='bbox 145 1035 288 1114; x_wconf 79' lang='lat' dir='ltr'><strong>guntur,</strong></span> <span class='ocrx_word' id='word_1_51' title='bbox 312 1027 401 1114; x_wconf 91' lang='lat' dir='ltr'><strong>quod</strong></span> <span class='ocrx_word' id='word_1_52' title='bbox 416 1025 547 1092; x_wconf 90' lang='lat' dir='ltr'><strong>Lentuli</strong></span> <span class='ocrx_word' id='word_1_53' title='bbox 570 1026 684 1092; x_wconf 89' lang='lat' dir='ltr'><strong>literae</strong></span> <span class='ocrx_word' id='word_1_54' title='bbox 709 1026 872 1092; x_wconf 89' lang='lat' dir='ltr'><strong>derebus</strong></span> <span class='ocrx_word' id='word_1_55' title='bbox 896 1026 939 1093; x_wconf 90' lang='lat' dir='ltr'><strong>ab</strong></span> <span class='ocrx_word' id='word_1_56' title='bbox 964 1050 1001 1092; x_wconf 89' lang='lat' dir='ltr'><strong>eo</strong></span> <span class='ocrx_word' id='word_1_57' title='bbox 1026 1026 1109 1093; x_wconf 88' lang='lat' dir='ltr'><strong>bene</strong></span> <span class='ocrx_word' id='word_1_58' title='bbox 1132 1027 1233 1112; x_wconf 83' lang='lat' dir='ltr'><strong>gestis</strong></span> <span class='ocrx_word' id='word_1_59' title='bbox 1249 1037 1327 1093; x_wconf 91' lang='lat' dir='ltr'><strong>tnnc</strong></span> 
     </span>
     <span class='ocr_line' id='line_1_8' title="bbox 146 1132 1328 1221; baseline 0.002 -22"><span class='ocrx_word' id='word_1_60' title='bbox 146 1132 433 1221; x_wconf 78' lang='lat' dir='ltr'><strong>exspectabantur</strong></span> <span class='ocrx_word' id='word_1_61' title='bbox 457 1140 491 1219; x_wconf 65' lang='grc' dir='ltr'><strong>(ξ</strong></span> <span class='ocrx_word' id='word_1_62' title='bbox 514 1135 560 1217; x_wconf 88' lang='grc'><strong>6).</strong></span> <span class='ocrx_word' id='word_1_63' title='bbox 606 1133 757 1218; x_wconf 84' lang='lat' dir='ltr'><strong>Accedit,</strong></span> <span class='ocrx_word' id='word_1_64' title='bbox 780 1133 879 1220; x_wconf 93' lang='lat' dir='ltr'><strong>qnod,</strong></span> <span class='ocrx_word' id='word_1_65' title='bbox 903 1134 931 1199; x_wconf 89' lang='lat' dir='ltr'><strong>si</strong></span> <span class='ocrx_word' id='word_1_66' title='bbox 947 1157 998 1220; x_wconf 89' lang='lat' dir='ltr'><strong>ep.</strong></span> <span class='ocrx_word' id='word_1_67' title='bbox 1016 1143 1156 1200; x_wconf 87' lang='lat' dir='ltr'><strong>exeunte</strong></span> <span class='ocrx_word' id='word_1_68' title='bbox 1172 1156 1257 1200; x_wconf 90' lang='lat' dir='ltr'><strong>anno</strong></span> <span class='ocrx_word' id='word_1_69' title='bbox 1274 1135 1328 1218; x_wconf 78' lang='lat'><strong>56,</strong></span> 
     </span>
     <span class='ocr_line' id='line_1_9' title="bbox 148 1240 1327 1327; baseline 0.001 -22"><span class='ocrx_word' id='word_1_70' title='bbox 148 1263 221 1327; x_wconf 73' lang='lat' dir='ltr'><strong>«quo</strong></span> <span class='ocrx_word' id='word_1_71' title='bbox 244 1249 390 1326; x_wconf 89' lang='lat' dir='ltr'><strong>tempore</strong></span> <span class='ocrx_word' id='word_1_72' title='bbox 414 1250 446 1306; x_wconf 90' lang='lat' dir='ltr'><strong>et</strong></span> <span class='ocrx_word' id='word_1_73' title='bbox 468 1241 503 1305; x_wconf 93' lang='lat' dir='ltr'><strong>in</strong></span> <span class='ocrx_word' id='word_1_74' title='bbox 526 1249 643 1306; x_wconf 87' lang='lat' dir='ltr'><strong>senatu</strong></span> <span class='ocrx_word' id='word_1_75' title='bbox 658 1241 822 1309; x_wconf 87' lang='lat' dir='ltr'><strong>maximae</strong></span> <span class='ocrx_word' id='word_1_76' title='bbox 840 1241 1062 1306; x_wconf 85' lang='lat' dir='ltr'><strong>contentiones</strong></span> <span class='ocrx_word' id='word_1_77' title='bbox 1078 1241 1157 1326; x_wconf 80' lang='lat' dir='ltr'><strong>(Dio</strong></span> <span class='ocrx_word' id='word_1_78' title='bbox 1172 1240 1327 1306; x_wconf 88' lang='lat' dir='ltr'>XXXIX</span> 
     </span>
     <span class='ocr_line' id='line_1_10' title="bbox 146 1347 1328 1433; baseline 0.001 -21"><span class='ocrx_word' id='word_1_79' title='bbox 146 1347 208 1414; x_wconf 82' lang='lat'><strong>28.</strong></span> <span class='ocrx_word' id='word_1_80' title='bbox 232 1348 286 1414; x_wconf 89' lang='lat'><strong>30.</strong></span> <span class='ocrx_word' id='word_1_81' title='bbox 310 1349 366 1431; x_wconf 86' lang='grc'><strong>31)</strong></span> <span class='ocrx_word' id='word_1_82' title='bbox 391 1358 423 1412; x_wconf 91' lang='lat' dir='ltr'><strong>et</strong></span> <span class='ocrx_word' id='word_1_83' title='bbox 447 1348 590 1413; x_wconf 91' lang='lat' dir='ltr'><strong>omnium</strong></span> <span class='ocrx_word' id='word_1_84' title='bbox 612 1358 735 1413; x_wconf 89' lang='lat' dir='ltr'><strong>mentes</strong></span> <span class='ocrx_word' id='word_1_85' title='bbox 761 1348 803 1413; x_wconf 91' lang='lat' dir='ltr'><strong>ad</strong></span> <span class='ocrx_word' id='word_1_86' title='bbox 828 1347 977 1413; x_wconf 89' lang='lat' dir='ltr'><strong>consules</strong></span> <span class='ocrx_word' id='word_1_87' title='bbox 1007 1347 1228 1433; x_wconf 87' lang='lat' dir='ltr'><strong>designandos</strong></span> <span class='ocrx_word' id='word_1_88' title='bbox 1252 1370 1328 1413; x_wconf 90' lang='lat' dir='ltr'><strong>con·</strong></span> 
     </span>
     <span class='ocr_line' id='line_1_11' title="bbox 147 1453 1328 1543; baseline 0.001 -24"><span class='ocrx_word' id='word_1_89' title='bbox 147 1476 270 1520; x_wconf 74' lang='lat' dir='ltr'><strong>versae</strong></span> <span class='ocrx_word' id='word_1_90' title='bbox 294 1473 397 1538; x_wconf 83' lang='lat' dir='ltr'><strong>erant,</strong></span> <span class='ocrx_word' id='word_1_91' title='bbox 428 1454 506 1521; x_wconf 86' lang='lat' dir='ltr'><strong>data</strong></span> <span class='ocrx_word' id='word_1_92' title='bbox 529 1465 624 1539; x_wconf 86' lang='lat' dir='ltr'><strong>esset,</strong></span> <span class='ocrx_word' id='word_1_93' title='bbox 655 1455 735 1543; x_wconf 90' lang='lat' dir='ltr'><strong>quin</strong></span> <span class='ocrx_word' id='word_1_94' title='bbox 757 1454 816 1520; x_wconf 91' lang='lat' dir='ltr'><strong>has</strong></span> <span class='ocrx_word' id='word_1_95' title='bbox 847 1477 900 1520; x_wconf 90' lang='lat' dir='ltr'><strong>res</strong></span> <span class='ocrx_word' id='word_1_96' title='bbox 923 1453 987 1521; x_wconf 92' lang='lat' dir='ltr'><strong>ullo</strong></span> <span class='ocrx_word' id='word_1_97' title='bbox 1017 1455 1119 1521; x_wconf 87' lang='lat' dir='ltr'><strong>verbo</strong></span> <span class='ocrx_word' id='word_1_98' title='bbox 1143 1455 1328 1540; x_wconf 86' lang='lat' dir='ltr'><strong>adtingeret</strong></span> 
     </span>
     <span class='ocr_line' id='line_1_12' title="bbox 148 1560 1328 1649; baseline -0.001 -22"><span class='ocrx_word' id='word_1_99' title='bbox 148 1560 272 1628; x_wconf 76' lang='lat' dir='ltr'><strong>Cicero</strong></span> <span class='ocrx_word' id='word_1_100' title='bbox 296 1561 331 1626; x_wconf 94' lang='lat' dir='ltr'><strong>in</strong></span> <span class='ocrx_word' id='word_1_101' title='bbox 355 1560 504 1647; x_wconf 77' lang='lat' dir='ltr'><strong>epistula,</strong></span> <span class='ocrx_word' id='word_1_102' title='bbox 537 1561 596 1626; x_wconf 84' lang='lat' dir='ltr'><strong>rix</strong></span> <span class='ocrx_word' id='word_1_103' title='bbox 618 1562 690 1627; x_wconf 88' lang='lat' dir='ltr'><strong>fieri</strong></span> <span class='ocrx_word' id='word_1_104' title='bbox 713 1562 826 1648; x_wconf 88' lang='lat' dir='ltr'><strong>potnit.</strong></span> <span class='ocrx_word' id='word_1_105' title='bbox 873 1562 963 1628; x_wconf 87' lang='lat' dir='ltr'><strong>Data</strong></span> <span class='ocrx_word' id='word_1_106' title='bbox 985 1561 1086 1647; x_wconf 83' lang='lat' dir='ltr'><strong>igitur</strong></span> <span class='ocrx_word' id='word_1_107' title='bbox 1109 1572 1157 1627; x_wconf 92' lang='lat' dir='ltr'><strong>est</strong></span> <span class='ocrx_word' id='word_1_108' title='bbox 1180 1584 1238 1648; x_wconf 89' lang='lat' dir='ltr'><strong>ep..</strong></span> <span class='ocrx_word' id='word_1_109' title='bbox 1255 1571 1328 1649; x_wconf 86' lang='lat' dir='ltr'><strong>post</strong></span> 
     </span>
     <span class='ocr_line' id='line_1_13' title="bbox 148 1667 1328 1755; baseline 0.001 -23"><span class='ocrx_word' id='word_1_110' title='bbox 148 1690 300 1739; x_wconf 84' lang='lat' dir='ltr'><strong>mensem</strong></span> <span class='ocrx_word' id='word_1_111' title='bbox 335 1667 535 1753; x_wconf 87' lang='lat' dir='ltr'><strong>Ianuarium,</strong></span> <span class='ocrx_word' id='word_1_112' title='bbox 574 1668 632 1734; x_wconf 92' lang='lat' dir='ltr'><strong>sed</strong></span> <span class='ocrx_word' id='word_1_113' title='bbox 671 1679 746 1734; x_wconf 88' lang='lat' dir='ltr'><strong>ante</strong></span> <span class='ocrx_word' id='word_1_114' title='bbox 785 1692 884 1755; x_wconf 87' lang='lat' dir='ltr'><strong>quam</strong></span> <span class='ocrx_word' id='word_1_115' title='bbox 922 1669 1039 1735; x_wconf 81' lang='lat' dir='ltr'><strong>Cicero</strong></span> <span class='ocrx_word' id='word_1_116' title='bbox 1077 1690 1189 1735; x_wconf 86' lang='lat' dir='ltr'><strong>mense</strong></span> <span class='ocrx_word' id='word_1_117' title='bbox 1221 1669 1328 1755; x_wconf 87' lang='lat' dir='ltr'><strong>Aprili</strong></span> 
     </span>
     <span class='ocr_line' id='line_1_14' title="bbox 152 1774 1328 1862; baseline 0.003 -22"><span class='ocrx_word' id='word_1_118' title='bbox 152 1775 240 1860; x_wconf 73' lang='lat' dir='ltr'><strong>(Att.</strong></span> <span class='ocrx_word' id='word_1_119' title='bbox 264 1774 324 1841; x_wconf 89' lang='lat' dir='ltr'><strong>IV.</strong></span> <span class='ocrx_word' id='word_1_120' title='bbox 350 1778 404 1858; x_wconf 85' lang='grc'><strong>10)</strong></span> <span class='ocrx_word' id='word_1_121' title='bbox 428 1775 461 1840; x_wconf 92' lang='lat' dir='ltr'><strong>in</strong></span> <span class='ocrx_word' id='word_1_122' title='bbox 485 1775 582 1843; x_wconf 87' lang='lat' dir='ltr'><strong>villas</strong></span> <span class='ocrx_word' id='word_1_123' title='bbox 606 1775 649 1840; x_wconf 90' lang='lat' dir='ltr'><strong>ad</strong></span> <span class='ocrx_word' id='word_1_124' title='bbox 673 1776 782 1842; x_wconf 89' lang='lat' dir='ltr'><strong>studia</strong></span> <span class='ocrx_word' id='word_1_125' title='bbox 805 1775 974 1842; x_wconf 89' lang='lat' dir='ltr'><strong>literarum</strong></span> <span class='ocrx_word' id='word_1_126' title='bbox 1003 1799 1038 1841; x_wconf 87' lang='lat' dir='ltr'><strong>se</strong></span> <span class='ocrx_word' id='word_1_127' title='bbox 1053 1775 1202 1856; x_wconf 86' lang='lat' dir='ltr'><strong>¹contulit</strong></span> <span class='ocrx_word' id='word_1_128' title='bbox 1225 1783 1259 1862; x_wconf 65' lang='grc' dir='ltr'><strong>(ξ</strong></span> <span class='ocrx_word' id='word_1_129' title='bbox 1283 1779 1328 1860; x_wconf 79' lang='grc'><strong>3).</strong></span> 
     </span>
    </p>

    <p class='ocr_par' dir='ltr' id='par_1_3' title="bbox 144 1881 1328 2502">
     <span class='ocr_line' id='line_1_15' title="bbox 263 1881 1328 1970; baseline 0.002 -22"><span class='ocrx_word' id='word_1_130' title='bbox 263 1882 320 1966; x_wconf 86' lang='grc'><strong>64)</strong></span> <span class='ocrx_word' id='word_1_131' title='bbox 344 1882 385 1948; x_wconf 91' lang='lat' dir='ltr'><strong>A.</strong></span> <span class='ocrx_word' id='word_1_132' title='bbox 403 1882 436 1949; x_wconf 89' lang='lat' dir='ltr'><strong>d.</strong></span> <span class='ocrx_word' id='word_1_133' title='bbox 452 1882 513 1950; x_wconf 90' lang='lat' dir='ltr'><strong>IX.</strong></span> <span class='ocrx_word' id='word_1_134' title='bbox 537 1881 614 1948; x_wconf 88' lang='lat' dir='ltr'><strong>Kal.</strong></span> <span class='ocrx_word' id='word_1_135' title='bbox 627 1882 732 1947; x_wconf 91' lang='lat' dir='ltr'><strong>Maias</strong></span> <span class='ocrx_word' id='word_1_136' title='bbox 749 1883 865 1949; x_wconf 80' lang='lat' dir='ltr'><strong>Cicero</strong></span> <span class='ocrx_word' id='word_1_137' title='bbox 889 1884 923 1947; x_wconf 94' lang='lat' dir='ltr'><strong>in</strong></span> <span class='ocrx_word' id='word_1_138' title='bbox 940 1883 1087 1950; x_wconf 81' lang='lat' dir='ltr'><strong>Cumano</strong></span> <span class='ocrx_word' id='word_1_139' title='bbox 1110 1884 1157 1949; x_wconf 92' lang='lat' dir='ltr'><strong>ita</strong></span> <span class='ocrx_word' id='word_1_140' title='bbox 1180 1884 1328 1970; x_wconf 89' lang='lat' dir='ltr'><strong>scripsit:</strong></span> 
     </span>
     <span class='ocr_line' id='line_1_16' title="bbox 148 1990 1328 2078; baseline -0.001 -20"><span class='ocrx_word' id='word_1_141' title='bbox 148 1991 296 2058; x_wconf 77' lang='lat' dir='ltr'><strong>Puteolis</strong></span> <span class='ocrx_word' id='word_1_142' title='bbox 327 2013 464 2076; x_wconf 70' lang='lat' dir='ltr'><strong>moereas</strong></span> <span class='ocrx_word' id='word_1_143' title='bbox 497 1999 544 2057; x_wconf 82' lang='lat' dir='ltr'><strong>est</strong></span> <span class='ocrx_word' id='word_1_144' title='bbox 574 2014 686 2058; x_wconf 83' lang='lat' dir='ltr'><strong>raoaor</strong></span> <span class='ocrx_word' id='word_1_145' title='bbox 711 1991 925 2058; x_wconf 79' lang='lat' dir='ltr'><strong>Ptolemaeum</strong></span> <span class='ocrx_word' id='word_1_146' title='bbox 958 2014 1023 2059; x_wconf 82' lang='lat' dir='ltr'><strong>esse</strong></span> <span class='ocrx_word' id='word_1_147' title='bbox 1053 1995 1091 2058; x_wconf 82' lang='lat' dir='ltr'><strong>io</strong></span> <span class='ocrx_word' id='word_1_148' title='bbox 1119 2014 1214 2078; x_wconf 77' lang='lat' dir='ltr'><strong>repoo</strong></span> <span class='ocrx_word' id='word_1_149' title='bbox 1245 1990 1328 2075; x_wconf 89' lang='lat' dir='ltr'><strong>(Att.</strong></span> 
     </span>
     <span class='ocr_line' id='line_1_17' title="bbox 148 2094 1327 2184; baseline 0.001 -23"><span class='ocrx_word' id='word_1_150' title='bbox 148 2095 202 2173; x_wconf 68' lang='lat' dir='ltr'><strong>,IV</strong></span> <span class='ocrx_word' id='word_1_151' title='bbox 229 2097 302 2179; x_wconf 82' lang='lat'>10);</span> <span class='ocrx_word' id='word_1_152' title='bbox 331 2118 430 2182; x_wconf 90' lang='lat' dir='ltr'><strong>porro</strong></span> <span class='ocrx_word' id='word_1_153' title='bbox 454 2095 634 2160; x_wconf 90' lang='lat' dir='ltr'><strong>secundum</strong></span> <span class='ocrx_word' id='word_1_154' title='bbox 656 2094 798 2162; x_wconf 89' lang='lat' dir='ltr'><strong>Plinium</strong></span> <span class='ocrx_word' id='word_1_155' title='bbox 822 2102 868 2181; x_wconf 86' lang='lat' dir='ltr'><strong>(n.</strong></span> <span class='ocrx_word' id='word_1_156' title='bbox 892 2095 924 2163; x_wconf 90' lang='lat' dir='ltr'><strong>b.</strong></span> <span class='ocrx_word' id='word_1_157' title='bbox 947 2096 1034 2164; x_wconf 87' lang='lat' dir='ltr'><strong>XIX</strong></span> <span class='ocrx_word' id='word_1_158' title='bbox 1059 2100 1075 2162; x_wconf 96' lang='grc'>1</span> <span class='ocrx_word' id='word_1_159' title='bbox 1102 2096 1327 2184; x_wconf 69' lang='lat' dir='ltr'><strong>[opserendo</strong></span> 
     </span>
     <span class='ocr_line' id='line_1_18' title="bbox 144 2201 1328 2290; baseline 0.003 -23"><span class='ocrx_word' id='word_1_160' title='bbox 144 2224 252 2268; x_wconf 84' lang='lat' dir='ltr'><strong>cursu</strong></span> <span class='ocrx_word' id='word_1_161' title='bbox 275 2203 370 2267; x_wconf 85' lang='lat' dir='ltr'><strong>navis</strong></span> <span class='ocrx_word' id='word_1_162' title='bbox 393 2201 607 2268; x_wconf 82' lang='lat' dir='ltr'><strong>Alexandrea</strong></span> <span class='ocrx_word' id='word_1_163' title='bbox 630 2201 782 2268; x_wconf 90' lang='lat' dir='ltr'><strong>Puteolos</strong></span> <span class='ocrx_word' id='word_1_164' title='bbox 805 2225 891 2268; x_wconf 91' lang='lat' dir='ltr'><strong>nono</strong></span> <span class='ocrx_word' id='word_1_165' title='bbox 915 2203 969 2268; x_wconf 90' lang='lat' dir='ltr'><strong>die</strong></span> <span class='ocrx_word' id='word_1_166' title='bbox 991 2203 1152 2290; x_wconf 75' lang='lat' dir='ltr'><strong>pervenit.</strong></span> <span class='ocrx_word' id='word_1_167' title='bbox 1185 2203 1328 2270; x_wconf 87' lang='lat' dir='ltr'><strong>Proinde</strong></span> 
     </span>
     <span class='ocr_line' id='line_1_19' title="bbox 145 2297 1328 2398; baseline 0 -22"><span class='ocrx_word' id='word_1_168' title='bbox 145 2308 315 2376; x_wconf 79' lang='lat' dir='ltr'><strong>Gabinius</strong></span> <span class='ocrx_word' id='word_1_169' title='bbox 339 2333 357 2373; x_wconf 94' lang='lat' dir='ltr'><strong>e</strong></span> <span class='ocrx_word' id='word_1_170' title='bbox 382 2308 499 2376; x_wconf 84' lang='lat' dir='ltr'><strong>Cilicia</strong></span> <span class='ocrx_word' id='word_1_171' title='bbox 521 2309 555 2373; x_wconf 92' lang='lat' dir='ltr'><strong>in</strong></span> <span class='ocrx_word' id='word_1_172' title='bbox 578 2310 770 2398; x_wconf 86' lang='lat' dir='ltr'><strong>Aegyptum</strong></span> <span class='ocrx_word' id='word_1_173' title='bbox 792 2310 960 2376; x_wconf 89' lang='lat' dir='ltr'><strong>traiecisse</strong></span> <span class='ocrx_word' id='word_1_174' title='bbox 982 2297 1123 2396; x_wconf 80' lang='lat' dir='ltr'><strong>videtur,</strong></span> <span class='ocrx_word' id='word_1_175' title='bbox 1155 2320 1328 2398; x_wconf 81' lang='lat' dir='ltr'><strong>postquam</strong></span> 
     </span>
     <span class='ocr_line' id='line_1_20' title="bbox 144 2414 962 2502; baseline 0.005 -22"><span class='ocrx_word' id='word_1_176' title='bbox 144 2415 344 2502; x_wconf 91' lang='lat' dir='ltr'><strong>Pompeium</strong></span> <span class='ocrx_word' id='word_1_177' title='bbox 368 2414 533 2482; x_wconf 89' lang='lat' dir='ltr'><strong>consulem</strong></span> <span class='ocrx_word' id='word_1_178' title='bbox 556 2426 701 2482; x_wconf 86' lang='lat' dir='ltr'><strong>creatum</strong></span> <span class='ocrx_word' id='word_1_179' title='bbox 724 2439 795 2482; x_wconf 91' lang='lat' dir='ltr'><strong>esse</strong></span> <span class='ocrx_word' id='word_1_180' title='bbox 817 2418 962 2486; x_wconf 67' lang='lat' dir='ltr'><strong>rescivit,</strong></span> 
     </span>
    </p>

    <p class='ocr_par' dir='ltr' id='par_1_4' title="bbox 146 2522 1328 2824">
     <span class='ocr_line' id='line_1_21' title="bbox 211 2522 1328 2612; baseline 0.001 -24"><span class='ocrx_word' id='word_1_181' title='bbox 211 2592 212 2595; x_wconf 51' lang='lat'><strong>,</strong></span> <span class='ocrx_word' id='word_1_182' title='bbox 260 2524 316 2606; x_wconf 78' lang='lat'><strong>65)</strong></span> <span class='ocrx_word' id='word_1_183' title='bbox 340 2523 392 2587; x_wconf 92' lang='lat' dir='ltr'><strong>De</strong></span> <span class='ocrx_word' id='word_1_184' title='bbox 417 2522 470 2587; x_wconf 90' lang='lat' dir='ltr'><strong>die</strong></span> <span class='ocrx_word' id='word_1_185' title='bbox 494 2522 638 2589; x_wconf 89' lang='lat' dir='ltr'><strong>dubitari</strong></span> <span class='ocrx_word' id='word_1_186' title='bbox 660 2545 726 2589; x_wconf 92' lang='lat' dir='ltr'><strong>non</strong></span> <span class='ocrx_word' id='word_1_187' title='bbox 749 2523 835 2609; x_wconf 90' lang='lat' dir='ltr'><strong>licet,</strong></span> <span class='ocrx_word' id='word_1_188' title='bbox 860 2525 919 2589; x_wconf 91' lang='lat' dir='ltr'><strong>etsi</strong></span> <span class='ocrx_word' id='word_1_189' title='bbox 935 2524 1134 2610; x_wconf 88' lang='lat' dir='ltr'><strong>Koernerus,</strong></span> <span class='ocrx_word' id='word_1_190' title='bbox 1159 2531 1205 2612; x_wconf 91' lang='lat' dir='ltr'><strong>(p.</strong></span> <span class='ocrx_word' id='word_1_191' title='bbox 1230 2528 1273 2592; x_wconf 75' lang='lat'><strong>29</strong></span> <span class='ocrx_word' id='word_1_192' title='bbox 1296 2534 1328 2589; x_wconf 92' lang='lat' dir='ltr'><strong>et</strong></span> 
     </span>
     <span class='ocr_line' id='line_1_22' title="bbox 150 2628 1328 2717; baseline 0.002 -22"><span class='ocrx_word' id='word_1_193' title='bbox 150 2628 235 2696; x_wconf 87' lang='lat' dir='ltr'><strong>adn.</strong></span> <span class='ocrx_word' id='word_1_194' title='bbox 267 2631 313 2714; x_wconf 85' lang='lat'><strong>3),</strong></span> <span class='ocrx_word' id='word_1_195' title='bbox 347 2651 487 2716; x_wconf 90' lang='lat' dir='ltr'><strong>quocum</strong></span> <span class='ocrx_word' id='word_1_196' title='bbox 519 2629 599 2695; x_wconf 83' lang='lat' dir='ltr'><strong>facit</strong></span> <span class='ocrx_word' id='word_1_197' title='bbox 634 2629 674 2700; x_wconf 90' lang='grc' dir='ltr'><strong>Ο.</strong></span> <span class='ocrx_word' id='word_1_198' title='bbox 698 2630 737 2698; x_wconf 85' lang='grc' dir='ltr'><strong>Ε.</strong></span> <span class='ocrx_word' id='word_1_199' title='bbox 761 2630 960 2697; x_wconf 88' lang='lat' dir='ltr'><strong>Schmidtius</strong></span> <span class='ocrx_word' id='word_1_200' title='bbox 994 2631 1029 2717; x_wconf 83' lang='lat' dir='ltr'><strong>(l.</strong></span> <span class='ocrx_word' id='word_1_201' title='bbox 1064 2632 1085 2699; x_wconf 92' lang='lat' dir='ltr'><strong>l.</strong></span> <span class='ocrx_word' id='word_1_202' title='bbox 1119 2632 1180 2699; x_wconf 88' lang='lat' dir='ltr'><strong>col.</strong></span> <span class='ocrx_word' id='word_1_203' title='bbox 1217 2633 1328 2717; x_wconf 85' lang='grc'>1613),</span> 
     </span>
     <span class='ocr_line' id='line_1_23' title="bbox 146 2734 1267 2824; baseline 0.005 -26"><span class='ocrx_word' id='word_1_204' title='bbox 146 2734 318 2803; x_wconf 78' lang='lat' dir='ltr'><strong>‚Parilibus</strong></span> <span class='ocrx_word' id='word_1_205' title='bbox 343 2759 415 2801; x_wconf 87' lang='lat' dir='ltr'><strong>eam</strong></span> <span class='ocrx_word' id='word_1_206' title='bbox 439 2736 550 2802; x_wconf 88' lang='lat' dir='ltr'><strong>datam</strong></span> <span class='ocrx_word' id='word_1_207' title='bbox 573 2759 644 2802; x_wconf 87' lang='lat' dir='ltr'><strong>esse</strong></span> <span class='ocrx_word' id='word_1_208' title='bbox 667 2737 777 2802; x_wconf 92' lang='lat' dir='ltr'><strong>nescio</strong></span> <span class='ocrx_word' id='word_1_209' title='bbox 801 2761 865 2824; x_wconf 93' lang='lat' dir='ltr'><strong>quo</strong></span> <span class='ocrx_word' id='word_1_210' title='bbox 890 2747 986 2824; x_wconf 89' lang='lat' dir='ltr'><strong>pacto</strong></span> <span class='ocrx_word' id='word_1_211' title='bbox 1010 2749 1135 2804; x_wconf 89' lang='lat' dir='ltr'><strong>certum</strong></span> <span class='ocrx_word' id='word_1_212' title='bbox 1158 2737 1267 2805; x_wconf 86' lang='lat' dir='ltr'><strong>habet.</strong></span> 
     </span>
    </p>

    <p class='ocr_par' dir='ltr' id='par_1_5' title="bbox 143 2843 1328 4325">
     <span class='ocr_line' id='line_1_24' title="bbox 156 2843 1327 2931; baseline -0.001 -21"><span class='ocrx_word' id='word_1_213' title='bbox 156 2881 158 2888; x_wconf 39' lang='grc' dir='ltr'><strong><em>ι</em></strong></span> <span class='ocrx_word' id='word_1_214' title='bbox 260 2844 316 2928; x_wconf 89' lang='grc'><strong>66)</strong></span> <span class='ocrx_word' id='word_1_215' title='bbox 340 2843 431 2928; x_wconf 90' lang='lat' dir='ltr'><strong>Dies,</strong></span> <span class='ocrx_word' id='word_1_216' title='bbox 460 2866 541 2930; x_wconf 89' lang='lat' dir='ltr'><strong>quos</strong></span> <span class='ocrx_word' id='word_1_217' title='bbox 564 2845 598 2909; x_wconf 93' lang='lat' dir='ltr'><strong>in</strong></span> <span class='ocrx_word' id='word_1_218' title='bbox 633 2844 778 2931; x_wconf 89' lang='lat' dir='ltr'><strong>epistulis</strong></span> <span class='ocrx_word' id='word_1_219' title='bbox 809 2848 829 2912; x_wconf 89' lang='lat'>9</span> <span class='ocrx_word' id='word_1_220' title='bbox 863 2855 894 2910; x_wconf 91' lang='lat' dir='ltr'><strong>et</strong></span> <span class='ocrx_word' id='word_1_221' title='bbox 919 2848 958 2910; x_wconf 96' lang='grc'><strong>11</strong></span> <span class='ocrx_word' id='word_1_222' title='bbox 992 2845 1122 2911; x_wconf 89' lang='lat' dir='ltr'><strong>codices</strong></span> <span class='ocrx_word' id='word_1_223' title='bbox 1158 2845 1327 2930; x_wconf 84' lang='lat' dir='ltr'><strong>exhibent,</strong></span> 
     </span>
     <span class='ocr_line' id='line_1_25' title="bbox 145 2948 1325 3036; baseline 0.001 -17"><span class='ocrx_word' id='word_1_224' title='bbox 145 2971 174 3019; x_wconf 79' lang='lat' dir='ltr'><strong>a</strong></span> <span class='ocrx_word' id='word_1_225' title='bbox 196 2948 432 3016; x_wconf 84' lang='lat' dir='ltr'><strong>recentioribus</strong></span> <span class='ocrx_word' id='word_1_226' title='bbox 467 2973 572 3036; x_wconf 90' lang='lat' dir='ltr'><strong>paene</strong></span> <span class='ocrx_word' id='word_1_227' title='bbox 603 2950 753 3016; x_wconf 91' lang='lat' dir='ltr'><strong>omnibns</strong></span> <span class='ocrx_word' id='word_1_228' title='bbox 785 2951 818 3016; x_wconf 91' lang='lat' dir='ltr'><strong>in</strong></span> <span class='ocrx_word' id='word_1_229' title='bbox 844 2950 1080 3021; x_wconf 89' lang='lat' dir='ltr'><strong>dubitationem</strong></span> <span class='ocrx_word' id='word_1_230' title='bbox 1110 2953 1219 3017; x_wconf 85' lang='lat' dir='ltr'><strong>vocati</strong></span> <span class='ocrx_word' id='word_1_231' title='bbox 1242 2963 1325 3020; x_wconf 83' lang='lat' dir='ltr'><strong>sunt.</strong></span> 
     </span>
     <span class='ocr_line' id='line_1_26' title="bbox 148 3056 1328 3145; baseline 0.004 -22"><span class='ocrx_word' id='word_1_232' title='bbox 148 3056 301 3123; x_wconf 89' lang='lat' dir='ltr'><strong>Primum</strong></span> <span class='ocrx_word' id='word_1_233' title='bbox 324 3056 482 3142; x_wconf 89' lang='lat' dir='ltr'><strong>Manutio,</strong></span> <span class='ocrx_word' id='word_1_234' title='bbox 506 3057 633 3144; x_wconf 91' lang='lat' dir='ltr'><strong>Bootio,</strong></span> <span class='ocrx_word' id='word_1_235' title='bbox 657 3057 899 3142; x_wconf 74' lang='lat' dir='ltr'><strong>Wesenbergio¹</strong></span> <span class='ocrx_word' id='word_1_236' title='bbox 916 3058 1085 3145; x_wconf 87' lang='lat' dir='ltr'><strong>displicuit</strong></span> <span class='ocrx_word' id='word_1_237' title='bbox 1111 3058 1212 3125; x_wconf 91' lang='lat' dir='ltr'><strong>illud:</strong></span> <span class='ocrx_word' id='word_1_238' title='bbox 1248 3063 1328 3129; x_wconf 74' lang='lat' dir='ltr'><strong>decos</strong></span> 
     </span>
     <span class='ocr_line' id='line_1_27' title="bbox 145 3164 1327 3252; baseline -0.003 -18"><span class='ocrx_word' id='word_1_239' title='bbox 145 3189 182 3234; x_wconf 78' lang='lat' dir='ltr'><strong>o.</strong></span> <span class='ocrx_word' id='word_1_240' title='bbox 212 3167 244 3233; x_wconf 84' lang='lat' dir='ltr'><strong>d.</strong></span> <span class='ocrx_word' id='word_1_241' title='bbox 268 3165 302 3233; x_wconf 87' lang='lat' dir='ltr'><strong>V.</strong></span> <span class='ocrx_word' id='word_1_242' title='bbox 318 3167 397 3233; x_wconf 86' lang='lat' dir='ltr'><strong>Kal.</strong></span> <span class='ocrx_word' id='word_1_243' title='bbox 422 3169 487 3250; x_wconf 88' lang='lat' dir='ltr'><strong>(ep.</strong></span> <span class='ocrx_word' id='word_1_244' title='bbox 507 3168 558 3249; x_wconf 96' lang='grc'><strong>11,</strong></span> <span class='ocrx_word' id='word_1_245' title='bbox 577 3168 620 3249; x_wconf 93' lang='grc'><strong>1),</strong></span> <span class='ocrx_word' id='word_1_246' title='bbox 644 3164 732 3251; x_wconf 91' lang='lat' dir='ltr'><strong>quod</strong></span> <span class='ocrx_word' id='word_1_247' title='bbox 748 3175 915 3231; x_wconf 82' lang='lat' dir='ltr'><strong>extremae</strong></span> <span class='ocrx_word' id='word_1_248' title='bbox 931 3165 1088 3252; x_wconf 86' lang='lat' dir='ltr'><strong>epistulae</strong></span> <span class='ocrx_word' id='word_1_249' title='bbox 1104 3169 1125 3233; x_wconf 90' lang='grc'><strong>9</strong></span> <span class='ocrx_word' id='word_1_250' title='bbox 1141 3187 1327 3252; x_wconf 83' lang='lat' dir='ltr'><strong>repugnare</strong></span> 
     </span>
     <span class='ocr_line' id='line_1_28' title="bbox 149 3269 1326 3359; baseline 0.003 -23"><span class='ocrx_word' id='word_1_251' title='bbox 149 3269 334 3357; x_wconf 15' lang='lat' dir='ltr'><strong>,putabant3</strong></span> <span class='ocrx_word' id='word_1_252' title='bbox 358 3271 467 3357; x_wconf 86' lang='lat' dir='ltr'><strong>itaque</strong></span> <span class='ocrx_word' id='word_1_253' title='bbox 490 3294 550 3358; x_wconf 90' lang='lat' dir='ltr'><strong>pro</strong></span> <span class='ocrx_word' id='word_1_254' title='bbox 575 3297 605 3341; x_wconf 90' lang='lat' dir='ltr'><strong>o.</strong></span> <span class='ocrx_word' id='word_1_255' title='bbox 629 3276 660 3340; x_wconf 85' lang='lat' dir='ltr'><strong>d.</strong></span> <span class='ocrx_word' id='word_1_256' title='bbox 677 3275 726 3340; x_wconf 75' lang='lat' dir='ltr'><strong>‘V.</strong></span> <span class='ocrx_word' id='word_1_257' title='bbox 743 3275 821 3341; x_wconf 82' lang='lat' dir='ltr'><strong>Kal.</strong></span> <span class='ocrx_word' id='word_1_258' title='bbox 845 3273 1046 3359; x_wconf 89' lang='lat' dir='ltr'><strong>scripserunt</strong></span> <span class='ocrx_word' id='word_1_259' title='bbox 1069 3273 1121 3338; x_wconf 90' lang='lat' dir='ltr'><strong>isti</strong></span> <span class='ocrx_word' id='word_1_260' title='bbox 1144 3272 1216 3339; x_wconf 86' lang='lat' dir='ltr'><strong>vel:</strong></span> <span class='ocrx_word' id='word_1_261' title='bbox 1241 3299 1271 3342; x_wconf 90' lang='lat' dir='ltr'><strong>u.</strong></span> <span class='ocrx_word' id='word_1_262' title='bbox 1295 3277 1326 3341; x_wconf 83' lang='lat' dir='ltr'><strong>d.</strong></span> 
     </span>
     <span class='ocr_line' id='line_1_29' title="bbox 153 3377 1326 3466; baseline 0 -20"><span class='ocrx_word' id='word_1_263' title='bbox 153 3380 206 3446; x_wconf 70' lang='lat'><strong>11,</strong></span> <span class='ocrx_word' id='word_1_264' title='bbox 239 3381 316 3446; x_wconf 86' lang='lat' dir='ltr'><strong>Kal.</strong></span> <span class='ocrx_word' id='word_1_265' title='bbox 353 3377 421 3444; x_wconf 79' lang='lat' dir='ltr'><strong>rel:</strong></span> <span class='ocrx_word' id='word_1_266' title='bbox 457 3405 487 3448; x_wconf 90' lang='lat' dir='ltr'><strong>o.</strong></span> <span class='ocrx_word' id='word_1_267' title='bbox 523 3382 553 3446; x_wconf 82' lang='lat' dir='ltr'><strong>d.</strong></span> <span class='ocrx_word' id='word_1_268' title='bbox 589 3382 662 3446; x_wconf 88' lang='lat' dir='ltr'><strong><em>III.</em></strong></span> <span class='ocrx_word' id='word_1_269' title='bbox 694 3382 773 3448; x_wconf 75' lang='grc' dir='ltr'><strong>Καί.</strong></span> <span class='ocrx_word' id='word_1_270' title='bbox 819 3380 948 3465; x_wconf 84' lang='lat' dir='ltr'><strong>Postea,</strong></span> <span class='ocrx_word' id='word_1_271' title='bbox 984 3381 1137 3466; x_wconf 88' lang='lat' dir='ltr'><strong>quoniam</strong></span> <span class='ocrx_word' id='word_1_272' title='bbox 1172 3403 1326 3446; x_wconf 90' lang='lat' dir='ltr'><strong>numerus</strong></span> 
     </span>
     <span class='ocr_line' id='line_1_30' title="bbox 143 3484 1326 3573; baseline -0.001 -21"><span class='ocrx_word' id='word_1_273' title='bbox 143 3489 300 3572; x_wconf 68' lang='lat' dir='ltr'><strong>quietam</strong></span> <span class='ocrx_word' id='word_1_274' title='bbox 323 3486 450 3568; x_wconf 81' lang='lat' dir='ltr'><strong>integer</strong></span> <span class='ocrx_word' id='word_1_275' title='bbox 474 3484 574 3551; x_wconf 90' lang='lat' dir='ltr'><strong>literis</strong></span> <span class='ocrx_word' id='word_1_276' title='bbox 597 3485 631 3550; x_wconf 93' lang='lat' dir='ltr'><strong>in</strong></span> <span class='ocrx_word' id='word_1_277' title='bbox 656 3486 769 3551; x_wconf 89' lang='lat' dir='ltr'><strong>codice</strong></span> <span class='ocrx_word' id='word_1_278' title='bbox 793 3486 942 3552; x_wconf 86' lang='lat' dir='ltr'><strong>Mediceo</strong></span> <span class='ocrx_word' id='word_1_279' title='bbox 966 3496 1120 3553; x_wconf 87' lang='lat' dir='ltr'><strong>exaratus</strong></span> <span class='ocrx_word' id='word_1_280' title='bbox 1150 3497 1198 3552; x_wconf 93' lang='lat' dir='ltr'><strong>est</strong></span> <span class='ocrx_word' id='word_1_281' title='bbox 1221 3487 1255 3572; x_wconf 78' lang='lat' dir='ltr'><strong>(l.</strong></span> <span class='ocrx_word' id='word_1_282' title='bbox 1279 3487 1326 3573; x_wconf 91' lang='grc'><strong>1.),</strong></span> 
     </span>
     <span class='ocr_line' id='line_1_31' title="bbox 146 3590 1326 3680; baseline 0.003 -25"><span class='ocrx_word' id='word_1_283' title='bbox 146 3590 345 3657; x_wconf 87' lang='lat' dir='ltr'><strong>Koernerus</strong></span> <span class='ocrx_word' id='word_1_284' title='bbox 369 3599 415 3678; x_wconf 84' lang='lat' dir='ltr'><strong>(p.</strong></span> <span class='ocrx_word' id='word_1_285' title='bbox 440 3594 585 3676; x_wconf 75' lang='lat'>29-31)</span> <span class='ocrx_word' id='word_1_286' title='bbox 610 3593 680 3657; x_wconf 89' lang='lat' dir='ltr'><strong>dies</strong></span> <span class='ocrx_word' id='word_1_287' title='bbox 703 3593 737 3657; x_wconf 92' lang='lat' dir='ltr'><strong>in</strong></span> <span class='ocrx_word' id='word_1_288' title='bbox 761 3602 908 3660; x_wconf 89' lang='lat' dir='ltr'><strong>extrema</strong></span> <span class='ocrx_word' id='word_1_289' title='bbox 932 3616 983 3680; x_wconf 91' lang='lat' dir='ltr'><strong>ep.</strong></span> <span class='ocrx_word' id='word_1_290' title='bbox 1007 3597 1028 3661; x_wconf 90' lang='lat'>9</span> <span class='ocrx_word' id='word_1_291' title='bbox 1057 3594 1195 3680; x_wconf 89' lang='lat' dir='ltr'><strong>scriptas</strong></span> <span class='ocrx_word' id='word_1_292' title='bbox 1220 3617 1326 3659; x_wconf 88' lang='lat' dir='ltr'><strong>emen·</strong></span> 
     </span>
     <span class='ocr_line' id='line_1_32' title="bbox 145 3698 1325 3788; baseline 0.004 -24"><span class='ocrx_word' id='word_1_293' title='bbox 145 3698 235 3764; x_wconf 84' lang='lat' dir='ltr'><strong>dare</strong></span> <span class='ocrx_word' id='word_1_294' title='bbox 258 3699 382 3787; x_wconf 85' lang='lat' dir='ltr'><strong>maluit,</strong></span> <span class='ocrx_word' id='word_1_295' title='bbox 412 3700 465 3764; x_wconf 91' lang='lat' dir='ltr'><strong>cui</strong></span> <span class='ocrx_word' id='word_1_296' title='bbox 489 3698 706 3785; x_wconf 89' lang='lat' dir='ltr'><strong>adstipulatus</strong></span> <span class='ocrx_word' id='word_1_297' title='bbox 737 3709 786 3765; x_wconf 87' lang='lat' dir='ltr'><strong>est</strong></span> <span class='ocrx_word' id='word_1_298' title='bbox 809 3699 849 3788; x_wconf 83' lang='grc' dir='ltr'><strong>Ο.</strong></span> <span class='ocrx_word' id='word_1_299' title='bbox 873 3700 912 3769; x_wconf 85' lang='grc' dir='ltr'><strong>Ε.</strong></span> <span class='ocrx_word' id='word_1_300' title='bbox 936 3700 1135 3767; x_wconf 85' lang='lat' dir='ltr'><strong>Schmidtius</strong></span> <span class='ocrx_word' id='word_1_301' title='bbox 1160 3701 1194 3785; x_wconf 89' lang='lat' dir='ltr'><strong>(l.</strong></span> <span class='ocrx_word' id='word_1_302' title='bbox 1218 3702 1239 3768; x_wconf 93' lang='lat' dir='ltr'><strong>l.</strong></span> <span class='ocrx_word' id='word_1_303' title='bbox 1265 3701 1325 3769; x_wconf 93' lang='lat' dir='ltr'><strong>col.</strong></span> 
     </span>
     <span class='ocr_line' id='line_1_33' title="bbox 154 3805 1325 3894; baseline 0.003 -24"><span class='ocrx_word' id='word_1_304' title='bbox 154 3807 354 3890; x_wconf 86' lang='grc'>1612-13).</span> <span class='ocrx_word' id='word_1_305' title='bbox 402 3805 468 3871; x_wconf 87' lang='lat' dir='ltr'><strong>Sed</strong></span> <span class='ocrx_word' id='word_1_306' title='bbox 492 3829 602 3871; x_wconf 89' lang='lat' dir='ltr'><strong>omnes</strong></span> <span class='ocrx_word' id='word_1_307' title='bbox 626 3807 704 3871; x_wconf 89' lang='lat' dir='ltr'><strong>istos</strong></span> <span class='ocrx_word' id='word_1_308' title='bbox 732 3807 847 3873; x_wconf 87' lang='lat' dir='ltr'><strong>fefellit</strong></span> <span class='ocrx_word' id='word_1_309' title='bbox 877 3808 993 3873; x_wconf 85' lang='lat' dir='ltr'><strong>eadem</strong></span> <span class='ocrx_word' id='word_1_310' title='bbox 1026 3808 1135 3894; x_wconf 93' lang='lat' dir='ltr'><strong>opinio</strong></span> <span class='ocrx_word' id='word_1_311' title='bbox 1168 3807 1325 3894; x_wconf 80' lang='lat' dir='ltr'><strong>vulgaris,</strong></span> 
     </span>
     <span class='ocr_line' id='line_1_34' title="bbox 144 3913 1326 4002; baseline 0.003 -25"><span class='ocrx_word' id='word_1_312' title='bbox 144 3935 219 3999; x_wconf 73' lang='lat' dir='ltr'><strong>«que</strong></span> <span class='ocrx_word' id='word_1_313' title='bbox 247 3913 420 3999; x_wconf 89' lang='lat' dir='ltr'><strong>epistulam</strong></span> <span class='ocrx_word' id='word_1_314' title='bbox 448 3916 469 3980; x_wconf 92' lang='lat'>9</span> <span class='ocrx_word' id='word_1_315' title='bbox 500 3923 575 3978; x_wconf 89' lang='lat' dir='ltr'><strong>ante</strong></span> <span class='ocrx_word' id='word_1_316' title='bbox 608 3936 660 4000; x_wconf 90' lang='lat' dir='ltr'><strong>ep.</strong></span> <span class='ocrx_word' id='word_1_317' title='bbox 698 3918 736 3980; x_wconf 95' lang='grc'><strong>11</strong></span> <span class='ocrx_word' id='word_1_318' title='bbox 770 3915 989 4002; x_wconf 90' lang='lat' dir='ltr'><strong>conscriptam</strong></span> <span class='ocrx_word' id='word_1_319' title='bbox 1021 3938 1091 3982; x_wconf 84' lang='lat' dir='ltr'><strong>esse</strong></span> <span class='ocrx_word' id='word_1_320' title='bbox 1124 3916 1326 3983; x_wconf 84' lang='lat' dir='ltr'><strong>aOicerone</strong></span> 
     </span>
     <span class='ocr_line' id='line_1_35' title="bbox 146 4020 1326 4111; baseline 0.002 -24"><span class='ocrx_word' id='word_1_321' title='bbox 146 4030 354 4105; x_wconf 76' lang='lat' dir='ltr'><strong>compertum</strong></span> <span class='ocrx_word' id='word_1_322' title='bbox 377 4020 552 4087; x_wconf 87' lang='lat' dir='ltr'><strong>habebant.</strong></span> <span class='ocrx_word' id='word_1_323' title='bbox 600 4020 688 4086; x_wconf 86' lang='lat' dir='ltr'><strong>Nihil</strong></span> <span class='ocrx_word' id='word_1_324' title='bbox 711 4044 791 4088; x_wconf 89' lang='lat' dir='ltr'><strong>sane</strong></span> <span class='ocrx_word' id='word_1_325' title='bbox 814 4022 960 4111; x_wconf 87' lang='lat' dir='ltr'><strong>impedit,</strong></span> <span class='ocrx_word' id='word_1_326' title='bbox 984 4022 1138 4110; x_wconf 90' lang='lat' dir='ltr'><strong>quoniam</strong></span> <span class='ocrx_word' id='word_1_327' title='bbox 1154 4023 1326 4109; x_wconf 90' lang='lat' dir='ltr'><strong>epistulam</strong></span> 
     </span>
     <span class='ocr_line' id='line_1_36' title="bbox 145 4128 1325 4217; baseline 0.002 -23"><span class='ocrx_word' id='word_1_328' title='bbox 145 4130 172 4194; x_wconf 79' lang='lat'>9</span> <span class='ocrx_word' id='word_1_329' title='bbox 198 4136 273 4213; x_wconf 89' lang='lat' dir='ltr'><strong>post</strong></span> <span class='ocrx_word' id='word_1_330' title='bbox 296 4128 452 4214; x_wconf 91' lang='lat' dir='ltr'><strong>epistulas</strong></span> <span class='ocrx_word' id='word_1_331' title='bbox 479 4130 520 4194; x_wconf 88' lang='lat'><strong>10</strong></span> <span class='ocrx_word' id='word_1_332' title='bbox 544 4136 575 4193; x_wconf 91' lang='lat' dir='ltr'><strong>et</strong></span> <span class='ocrx_word' id='word_1_333' title='bbox 601 4131 638 4193; x_wconf 93' lang='lat'><strong>11</strong></span> <span class='ocrx_word' id='word_1_334' title='bbox 665 4131 888 4215; x_wconf 75' lang='lat' dir='ltr'><strong>ponamus;*)</strong></span> <span class='ocrx_word' id='word_1_335' title='bbox 912 4153 988 4194; x_wconf 91' lang='lat' dir='ltr'><strong>nam</strong></span> <span class='ocrx_word' id='word_1_336' title='bbox 1012 4152 1097 4216; x_wconf 90' lang='lat' dir='ltr'><strong>quae</strong></span> <span class='ocrx_word' id='word_1_337' title='bbox 1111 4130 1155 4195; x_wconf 91' lang='lat' dir='ltr'><strong>de</strong></span> <span class='ocrx_word' id='word_1_338' title='bbox 1170 4131 1325 4217; x_wconf 89' lang='lat' dir='ltr'><strong>Pompeio</strong></span> 
     </span>
     <span class='ocr_line' id='line_1_37' title="bbox 146 4221 1327 4325; baseline 0.002 -25"><span class='ocrx_word' id='word_1_339' title='bbox 146 4221 270 4300; x_wconf 73' lang='lat' dir='ltr'><strong>Cicero</strong></span> <span class='ocrx_word' id='word_1_340' title='bbox 286 4234 319 4299; x_wconf 93' lang='lat' dir='ltr'><strong>in</strong></span> <span class='ocrx_word' id='word_1_341' title='bbox 336 4257 388 4321; x_wconf 90' lang='lat' dir='ltr'><strong>ep.</strong></span> <span class='ocrx_word' id='word_1_342' title='bbox 405 4239 425 4302; x_wconf 93' lang='lat'>9</span> <span class='ocrx_word' id='word_1_343' title='bbox 442 4237 551 4319; x_wconf 87' lang='lat' dir='ltr'><strong>refert,</strong></span> <span class='ocrx_word' id='word_1_344' title='bbox 575 4258 640 4301; x_wconf 92' lang='lat' dir='ltr'><strong>non</strong></span> <span class='ocrx_word' id='word_1_345' title='bbox 657 4246 750 4302; x_wconf 90' lang='lat' dir='ltr'><strong>erant</strong></span> <span class='ocrx_word' id='word_1_346' title='bbox 766 4237 834 4302; x_wconf 90' lang='lat' dir='ltr'><strong>cius</strong></span> <span class='ocrx_word' id='word_1_347' title='bbox 850 4238 991 4322; x_wconf 84' lang='lat' dir='ltr'><strong>generis,</strong></span> <span class='ocrx_word' id='word_1_348' title='bbox 1007 4246 1157 4325; x_wconf 86' lang='lat' dir='ltr'><strong>utquam</strong></span> <span class='ocrx_word' id='word_1_349' title='bbox 1173 4238 1327 4303; x_wconf 86' lang='lat' dir='ltr'><strong>citissime</strong></span> 
     </span>
    </p>
   </div>
   <div class='ocr_carea' id='block_1_3' title="bbox 259 4378 729 4444">
    <p class='ocr_par' dir='ltr' id='par_1_6' title="bbox 259 4378 729 4444">
     <span class='ocr_line' id='line_1_38' title="bbox 259 4378 729 4444; baseline 0.011 -11"><span class='ocrx_word' id='word_1_350' title='bbox 259 4378 286 4444; x_wconf 89' lang='grc'><strong>*)</strong></span> <span class='ocrx_word' id='word_1_351' title='bbox 306 4380 369 4436; x_wconf 89' lang='lat' dir='ltr'><strong>Hoc</strong></span> <span class='ocrx_word' id='word_1_352' title='bbox 389 4395 437 4436; x_wconf 90' lang='lat' dir='ltr'><strong>me</strong></span> <span class='ocrx_word' id='word_1_353' title='bbox 456 4381 555 4437; x_wconf 87' lang='lat' dir='ltr'><strong>docuit</strong></span> <span class='ocrx_word' id='word_1_354' title='bbox 574 4381 729 4438; x_wconf 87' lang='lat' dir='ltr'><strong>Nissenus.</strong></span> 
     </span>
    </p>
   </div>
   <div class='ocr_carea' id='block_1_4' title="bbox 0 0 1484 4748">
    <p class='ocr_par' dir='ltr' id='par_1_7' title="bbox 0 0 1484 4748">
     <span class='ocr_line' id='line_1_39' title="bbox 0 0 1484 4748; baseline 0 0"><span class='ocrx_word' id='word_1_355' title='bbox 0 0 1484 4748; x_wconf 95' lang='lat' dir='ltr'><strong> </strong></span> 
     </span>
    </p>
   </div>
  </div>
 </body>
</html>
