2954 4748
717 243 759 308 37

259 421 316 503 32)
340 419 402 506 Ep.
435 419 521 484 data·
541 427 590 483 est
621 427 694 506 post
723 419 879 506 postridie
903 420 978 487 Kal.
1004 419 1076 489 Oct.
1102 427 1135 506 (ξ
1159 423 1193 504 5)
1217 433 1258 506 et,
1290 431 1327 489 ut

150 527 295 610 videtur,
330 525 430 591 multo
463 535 536 612 post
560 526 633 612 (cfr.
658 533 678 610 ξ
704 527 736 592 l:
769 531 881 596 dolatas
905 532 1095 612 aedificatur·
1121 567 1156 578 -
1184 533 1326 607 relicitur

150 630 625 713 Formianum,'Tusculo-acccc
642 637 847 721 prescripsi),
880 634 937 699 sed
961 656 1026 698 uon
1050 645 1123 720 post
1147 659 1176 701 5.
1206 635 1237 701 d.
1262 636 1323 703 ΙΙΙ.

148 741 237 823 Non.
260 740 351 807 Nou·
368 740 449 827 (Act.
474 741 523 805 IV
547 742 578 825 3,
603 743 647 827 2).
694 740 882 826 Koernerus
907 744 952 828 (p.
977 741 1011 827 8)
1034 764 1085 826 ep.
1111 765 1150 806 ca
1166 741 1224 809 IV.
1240 742 1324 810 Non:

150 847 226 915 Oct.
252 847 361 914 datam
384 870 454 912 esse
478 846 562 929 vult3
594 856 628 912 at
651 869 736 933 quae
759 848 828 912 eius
852 849 1030 912 sententiae
1053 848 1238 914 testimonia
1270 850 1326 915 ad-

151 956 224 1040 fert,
265 963 379 1020 c'ontra
417 953 521 1019 verba
556 953 724 1019 Ciceronis
760 953 893 1020 laudata
928 964 979 1020 sat
1012 955 1186 1040 perspicua
1220 957 1325 1022 minus

147 1061 273 1130 valent.
312 1090 316 1097 ·
1105 1057 1106 1062 ’

262 1170 319 1255 33)
342 1168 431 1233 Aeta
454 1178 502 1233 est
532 1191 573 1234 ea
603 1192 655 1234 res
685 1170 718 1232 in
747 1180 862 1234 senatu
891 1191 1001 1234 mense
1024 1168 1118 1252 Dec„
1154 1179 1326 1257 postquam

146 1275 274 1341 tribuni
290 1273 397 1360 plebis
420 1276 649 1360 magistratum
666 1261 818 1360 inierunt,
836 1284 867 1341 et
881 1281 938 1344 scel>
954 1280 1022 1344 elles
1034 1278 1130 1358 festos
1145 1277 1166 1343 i.
1184 1299 1211 1343 e.
1228 1278 1325 1363 paulo

146 1382 449 1449 ante'Saturnalia.
496 1382 657 1448 Koerneri
681 1385 725 1468 (p.
752 1383 1000 1469 rasamenta,
1032 1383 1087 1469 qui
1111 1383 1157 1448 de·
1175 1383 1261 1451 Idib.
1294 1393 1326 1449 et

150 1490 255 1575 postr.
278 1489 328 1556 Id.
354 1489 524 1574 cogitavit,
549 1499 638 1555 certa
660 1512 727 1555 non
750 1500 808 1558 est.

261 1597 317 1684 34)
339 1595 465 1660 Nonius
489 1600 534 1683 (p.
548 1599 644 1683 385):
669 1600 846 1666 Fenestella
862 1603 979 1666 annali
996 1602 1141 1667 XXIL:
1164 1604 1269 1684 ltaque
1292 1608 1327 1666 at

153 1707 379 1790 mcyistrctnnc
422 1707 545 1771 trienni
580 1708 685 1788 plebis
726 1710 884 1784 laterent,
930 1707 963 1772 C.
1012 1707 1089 1773 Cato
1130 1696 1326 1775 tccrbnleatas

149 1814 338 1880 adulescens
360 1823 389 1879 et
418 1815 608 1878 caducaeo
636 1817 820 1896 inmoratus
854 1816 897 1880 ml
928 1816 1097 1880 dicendam
1128 1817 1325 1881 contionibus

147 1909 301 1986 aclslcltcc's
326 1921 484 1987 lucidiora
509 1921 537 1985 ct
555 1921 742 1997 Plolecacec‚
766 1924 822 2004 qccc'
844 1924 911 1986 loca
928 1908 1143 2002 praeclusere
1158 1923 1233 1987 ecoe
1248 1930 1325 1999 cccl,

145 2037 180 2092 ct
203 2026 241 2090 P.
267 2027 403 2092 Lentulo
426 2030 548 2093 consati
565 2031 705 2109 pcccati
735 2030 803 2093 icccc
835 2032 895 2092 lter
917 2031 1053 2111 capitote
1082 2025 1326 2111 (corrigendum

154 2129 303 2195 videtur:
337 2131 499 2196 ‘conflare’
524 2133 582 2198 cfr.
612 2154 672 2217 pro
697 2131 787 2196 Cael.
820 2134 876 2216 29)
898 2135 1034 2200 sceneca
1061 2135 1186 2217 peridem
1212 2137 1327 2216 populi

151 2260 287 2305 ramore·
302 2243 412 2322 ccepll,·
435 2237 522 2302 unde
546 2249 620 2324 post
644 2239 722 2303 Idus
745 2238 828 2306 Dec.
852 2237 1026 2302 Lentulum
1049 2239 1233 2323 profectum
1256 2261 1326 2304 esse

152 2352 296 2410 constat.
341 2343 455 2431 Neque
480 2368 557 2409 vero
581 2356 655 2431 post
677 2345 754 2412 Kal.
778 2347 848 2412 Ian.
879 2346 1043 2430 profectus
1074 2367 1144 2409 esse
1175 2345 1325 2429 ridetur3

149 2473 238 2537 quae
262 2451 346 2515 enim
371 2453 400 2516 ei
422 2453 538 2517 Cicero
562 2452 613 2518 Id.
638 2454 708 2518 Ian.
735 2453 825 2538 (fam.
841 2434 865 2515 '1
892 2455 920 2536 1,
945 2453 979 2535 3)
1003 2451 1143 2539 scripsit,
1168 2453 1325 2518 eiusmodi

147 2569 237 2643 sunt,
261 2569 297 2623 ut
312 2581 424 2624 mense
441 2561 511 2627 Ian.
529 2560 633 2623 Roma
650 2559 769 2624 afuisse
786 2559 949 2625 videatur.
984 2560 1085 2624 Porro
1102 2559 1325 2625 Ptolemaeum

147 2674 228 2732 ante
260 2652 435 2730 Lentulum
467 2667 571 2730 Roma
599 2665 718 2728 exiisse
748 2664 835 2729 idem
857 2665 983 2729 Nonius
1014 2662 1047 2751 (l.
1076 2663 1111 2750 1.)
1142 2665 1232 2730 testis
1267 2677 1324 2732 est.

150 2772 351 2854 Quaevero
375 2772 439 2838 Dio
464 2772 632 2860 (XXXIX
659 2773 712 2859 15)
736 2772 867 2836 ineunte
891 2794 977 2836 anno
1000 2773 1044 2836 56
1068 2772 1228 2837 accidisse
1253 2796 1324 2858 pro-

156 2878 246 2964 digia
275 2889 512 2962 narratarum
543 2881 585 2944 57
610 2879 710 2943 luisse
743 2877 861 2962 colligo
884 2901 927 2942 ex
950 2879 1027 2945 fam.
1051 2879 1068 2941 I
1094 2881 1123 2965 1,
1155 2902 1239 2964 quae
1272 2903 1324 2965 ep.

150 2984 202 3051 ld.
226 2985 296 3051 Ian.
322 2985 402 3050 data
426 2993 483 3069 est
515 2985 603 3049 hisee
626 2984 738 3054 verbis
762 2987 823 3072 (2);
858 2989 941 3069 qccccl
970 2990 1109 3053 institnit
1140 2992 1258 3068 referre
1287 2991 1325 3055 ce

148 3098 301 3181 reliqlcae
324 3105 353 3162 et
375 3117 468 3178 saepe
491 3099 558 3162 loca
581 3097 709 3171 rettulit,
734 3096 773 3161 ol>
796 3116 829 3159 eo
854 3096 967 3160 dederet
990 3117 1055 3160 ceca
1072 3102 1183 3177 potest.

257 3201 314 3287 35)
336 3200 434 3264 Hanc
459 3183 630 3286 epistulam
654 3208 726 3285 post
750 3198 854 3283 legem
879 3201 1114 3284 sumptuariam
1138 3222 1157 3263 a
1182 3199 1324 3265 Caesare

132 3328 238 3373 ‘anno
260 3307 304 3372 46
332 3306 435 3371 latam
458 3307 677 3393 conscriptam
700 3329 770 3370 esse
794 3329 836 3370 ex
860 3306 949 3371 hisce
972 3307 1041 3373 eius
1064 3306 1175 3371 verbis
1199 3317 1325 3371 constat

148 3413 184 3500 (ἕ
207 3414 256 3500 2);
287 3419 337 3482 les
359 3419 572 3497 sarmatosirin,
596 3439 676 3500 pocae
697 3419 822 3482 videar·
844 3420 986 3505 λιτότητα
1010 3419 1160 3492 ollrclissc,
1184 3439 1221 3481 co
1245 3419 1325 3482 erili

143 3522 263 3602 scandi
283 3524 355 3603 fcit.
402 3522 578 3586 Praeterea
602 3522 643 3585 de
668 3544 752 3586 anno
769 3523 811 3587 57
829 3522 966 3607 cogitari
982 3521 1095 3607 nequit
1110 3521 1174 3585 iam
1189 3532 1325 3606 propter

147 3625 244 3693 illud:
266 3629 337 3711 fuci
360 3632 397 3695 ln
423 3631 658 3712 1155515555)
690 3626 897 3693 Tusculanae
920 3629 1006 3693 enim
1031 3627 1198 3693 Ciceronis
1227 3626 1324 3692 villae
1451 3695 1453 3700 ,

149 3732 287 3799 Clodius
310 3747 385 3820 post
408 3736 521 3819 fugam
545 3736 614 3799 eius
638 3723 828 3799 vastitatem
850 3733 959 3799 intulit
982 3735 1063 3818 (Att.
1087 3734 1136 3798 IV
1160 3737 1191 3818 2,
1215 3737 1259 3821 5),
1339 3794 1340 3797 ,

151 3862 153 3867 ⁴
256 3843 313 3929 36)
337 3841 411 3906 Hae
436 3840 549 3906 literae
580 3841 871 3906 commendaticiae
900 3842 1004 3927 primo
1038 3840 1116 3905 anni
1139 3843 1182 3906 56
1214 3863 1324 3906 mense

150 3946 252 4013 datae
276 3948 432 4013 videntur
454 3959 588 4034 propter
604 3948 702 4014 illud:
727 3955 763 4016 la
773 3955 954 4033 puriorisque
968 3957 1011 4035 nt,
1033 3966 1115 4033 'quoe
1133 3951 1168 4014 Τ.
1185 3951 1324 4033 Ampius

148 4056 189 4123 ‹le
211 4061 280 4124 clas
303 4080 338 4123 re
366 4060 510 4139 decrevit,
545 4082 582 4124 cn
612 4060 803 4141 corccpcolces·
839 4054 957 4140 Ampio
989 4055 1076 4118 enim
1098 4053 1257 4120 Lentulus
1290 4055 1324 4118 in
1399 4101 1401 4106 -

147 4163 322 4247 provincia
346 4163 512 4230 suecessit.
559 4163 611 4228 De
627 4163 787 4228 Koerneri
811 4165 856 4249 (p.
883 4164 937 4248 11)
960 4161 1131 4244 sententia,
1160 4161 1215 4248 qui
1238 4161 1324 4226 hano

147 4268 326 4352 epistulam
360 4271 462 4355 priori
501 4270 691 4336 adiunctam
728 4270 827 4335 fuisse
864 4270 926 4334 sibi
960 4270 1066 4354 finxit,
1098 4268 1174 4334 vide
1210 4268 1249 4336 Ο.
1284 4269 1324 4335 Ε.

1108 4389 1120 4427 3
1241 4427 1243 4429 .
