2954 4748
649 1274 834 1376 turn.

259 1461 430 1527 Gerardus
454 1463 629 1528 Rausohen
652 1474 750 1529 natus
782 1487 853 1529 snm
877 1487 908 1531 a.
933 1465 965 1532 d.
990 1467 1052 1531 ΙΠ.
1077 1466 1126 1533 Id.
1153 1465 1225 1533 Oct.
1250 1468 1328 1532 anni

147 1572 182 1635 h.
207 1593 233 1636 s.
257 1570 337 1634 LIV
360 1571 393 1633 in
424 1570 544 1656 oppido
577 1571 768 1656 provinciae
791 1572 970 1637 Rhenanae
993 1573 1204 1659 Heinsbcrga
1232 1585 1326 1660 patre

146 1677 327 1742 Melchiore
342 1686 447 1742 matre
459 1679 600 1762 Agncte‚
617 1679 736 1765 quibus
753 1678 863 1745 adhuc
875 1666 1105 1765 superstitibus
1117 1680 1327 1747 vehementer

147 1785 293 1870 gaudeo,
347 1785 464 1849 Fidem
499 1786 654 1871 profiteor
684 1785 889 1853 catholicam.
942 1786 1130 1852 Litcrarum
1159 1787 1326 1854 elementis

150 1892 293 1957 imbutus
317 1893 589 1981 progymnasium
613 1893 742 1977 patriae
766 1893 844 1977 adii,
881 1894 1092 1979 quodetiam
1114 1918 1202 1960 nuno
1234 1897 1327 1961 floret

150 2001 375 2064 Mommartzio
393 2011 529 2081 rectore,
547 1999 602 2085 qui
618 1999 669 2062 vir
684 2023 762 2064 vere
779 2000 995 2086 paedagogus
1011 2001 1195 2067 liberalium
1208 2005 1327 2068 artium

148 2130 299 2172 amorem
334 2106 490 2171 invictum
529 2107 562 2169 in
595 2129 647 2170 me
681 2117 713 2172 ct
752 2108 912 2172 excitavit
944 2118 976 2173 et
1011 2109 1123 2174 fovere
1158 2132 1326 2197 nunquam

151 2214 287 2303 destitit.
334 2213 454 2277 Postea
477 2236 537 2298 per
561 2203 715 2299 quattuor
739 2237 841 2279 annos
864 2215 999 2280 Novesii
1022 2216 1231 2305 gymnasium
1265 2217 1328 2282 fre·

146 2321 321 2407 ¹quentari,
354 2319 411 2385 ubi
434 2320 684 2386 Rhcinstaedter
707 2320 874 2406 religionis
906 2322 1021 2387 doctor
1052 2333 1085 2387 et
1106 2322 1328 2390 Windhauser

146 2426 266 2493 classis
291 2438 425 2493 nostrae
441 2437 649 2514 praeceptor,
674 2429 730 2515 qui
747 2429 876 2513 dicitur,
902 2429 1085 2494 ordinarius
1101 2430 1261 2515 singulari
1276 2454 1328 2496 me

152 2535 317 2620 prosecuti
341 2545 416 2600 sunt
432 2535 672 2602 benevolentia.
719 2537 919 2602 Maturitatis
942 2537 1162 2603 testimonium
1186 2537 1327 2624 adeptus

155 2651 191 2706 ut
215 2640 407 2726 theologicis
431 2652 463 2706 et
479 2641 711 2730 philosophicis
728 2643 844 2708 studiis
867 2666 919 2707 me
943 2643 1120 2728 traderem,
1138 2667 1224 2710 anno
1243 2645 1329 2711 1874

152 2749 377 2813 universitatis
394 2749 573 2814 Rhenanac
597 2750 796 2814 Bonnensiss
819 2751 889 2815 ubii
915 2748 1123 2836 disciplinam
1146 2761 1246 2837 atque
1269 2775 1329 2837 per

146 2877 212 2917 :sex
226 2856 418 2919 semenstris
429 2856 576 2924 virorum
589 2857 629 2922 cl.
640 2882 647 2922 :
660 2857 838 2944 Bischoffii‚
852 2857 1105 2942 Breitenstoinii‚
1120 2857 1327 2943 Cardaunsii,

154 2961 284 3043 Flossii‚
320 2961 508 3046 Hertlingii‚
545 2962 703 3051 Euclioni,
738 2963 892 3049 Kamani,
927 2962 1061 3049 Kleinii,
1094 2964 1328 3050 Neuhaeuseri‚

153 3069 274 3157 Romu,
300 3068 418 3134 Simari
442 3068 560 3133 scholis
583 3069 726 3137 interfui.
773 3071 866 3155 Iade,
892 3094 966 3136 cum
989 3080 1124 3157 propter
1147 3081 1330 3159 temporum

155 3178 300 3242 rationes
324 3177 358 3240 in
374 3176 482 3261 patria
498 3176 684 3242 sacerdotio
701 3177 826 3242 initiari
841 3200 906 3242 non
921 3177 1046 3263 liceret,
1062 3179 1328 3244 Ruraemundam

154 3284 307 3367 migravi,
332 3283 390 3348 ubi
414 3283 581 3348 seminarii
606 3283 767 3349 clericalis
790 3307 850 3370 per
871 3307 993 3350 annum
1008 3285 1158 3350 alumnus
1175 3296 1328 3352 autumno

84 3417 87 3420 ’
148 3376 233 3454 anni
252 3390 336 3455 1878
354 3413 373 3454 a
388 3390 469 3455 Rev.
488 3389 574 3456 dom.
587 3389 725 3454 Paredis
742 3390 895 3476 episcopo
908 3391 980 3455 Deo
998 3391 1161 3456 adnuente
1174 3391 1329 3456 sacerdos

152 3518 227 3561 sum
266 3495 443 3563 ordinatus.
491 3496 557 3562 Sed
596 3507 628 3561 et
666 3495 824 3562 ecclesiae
858 3497 1041 3562 ministrum
1075 3520 1126 3562 me
1160 3520 1225 3562 non
1260 3508 1330 3563 tam

148 3603 339 3668 animarum
363 3625 443 3668 cura
467 3626 566 3689 quam
590 3603 791 3669 erudiendae
814 3604 992 3670 iuventutis
1016 3614 1048 3669 ct
1070 3603 1240 3670 literarum
1264 3615 1329 3670 stu·

149 3710 246 3774 dium
262 3707 476 3792 sollicitabat3
493 3719 694 3796 quapropter
709 3720 883 3798 postquam
899 3719 1053 3797 quattuor
1070 3732 1173 3775 annos
1189 3712 1330 3797 primum

155 3817 265 3902 pueris
295 3816 451 3901 privatim
482 3816 601 3882 deiude
633 3816 749 3903 puellis
778 3818 811 3882 in
844 3815 956 3882 schola
990 3817 1199 3883 instituendis
1231 3819 1330 3884 tribui

149 3945 260 4010 eaque
295 3946 396 4010 opera
431 3923 476 3989 ad
499 3924 610 3989 studia
644 3925 678 3988 in
712 3925 929 3991 universitate
964 3923 1203 4007 continuanda,
1244 3947 1329 4011 quae

149 4053 283 4116 semper
307 4031 459 4095 maximis
482 4031 517 4095 in
540 4031 625 4096 votis
648 4031 728 4096 meis
751 4031 892 4114 fuerant,
922 4029 1097 4095 facultates
1128 4032 1329 4118 comparavi,

154 4137 290 4201 tandem
313 4148 468 4204 autumno
494 4139 571 4203 anni
596 4139 848 4204 1882130nnam
871 4137 966 4222 redii,
989 4138 1048 4203 ubi
1071 4161 1114 4202 ex
1130 4160 1167 4203 eo
1184 4148 1330 4225 tempore

155 4244 190 4307 in
215 4253 320 4308 artem
343 4246 596 4331 grammaticam
620 4256 653 4312 et
676 4244 843 4312 historiam
867 4245 1060 4312 discendam
1083 4256 1170 4312 totus
1185 4248 1330 4315 incubui.
