2954 4748
797 250 840 353 a

210 465 321 531 Attico
357 467 461 532 amico
494 466 681 532 enarranda
714 477 837 547 essent3
872 466 1006 552 insuper
1041 467 1180 532 eandem
1217 467 1387 532 scribendi
1455 451 1456 456 ἵ

212 573 488 657 consuetudinem,
519 573 725 660 quaCioero
749 595 801 638 res
824 573 936 658 magni
960 574 1112 638 momenti
1143 572 1206 638 sibi
1237 573 1387 660 proditas

211 703 309 766 saepe
332 703 397 745 uon
421 681 573 746 continuo
598 680 656 744 sed
679 691 824 765 tempore
848 680 957 767 aliquo
981 681 1149 746 iuterieoto
1172 682 1283 746 Attiou
1307 702 1385 767 ape·

212 787 327 874 riebat,
361 809 537 872 cognosces
569 810 611 850 ex
635 787 684 853 iis.
721 810 805 873 quae
839 787 873 851 in
906 809 956 873 ep.
993 786 1036 852 ad
1071 789 1139 855 Att.
1174 787 1208 853 X
1235 789 1309 872 7,3
1344 788 1385 853 de

214 894 356 959 Curione
381 891 541 980 'exposuit
576 895 634 959 olr.
659 894 693 958 X
726 897 757 978 4,
783 895 813 960 8.
861 894 977 981 Itaque
1010 895 1182 981 epistulam
1218 898 1254 959 11
1294 895 1385 960 dedit
1442 900 1444 905 ’

213 1000 329 1066 Cioero
353 1025 383 1067 a.
409 1001 440 1068 d.
457 1001 497 1067 V.
516 999 590 1067 Kal.
609 1001 714 1066 Maias
737 1002 931 1086 eCumauo,
955 1011 1127 1088 postquam
1150 1025 1214 1067 uno
1239 1013 1388 1087 tempore

213 1108 295 1173 duas
318 1107 419 1172 Attioi
443 1106 599 1194 epistulas
624 1109 768 1194 aooepit3
804 1109 922 1173 deiude
947 1109 1062 1174 eodem
1086 1109 1138 1173 die
1170 1108 1211 1172 de
1236 1109 1388 1182 Cumano

213 1237 247 1278 se
271 1215 391 1296 movit3
427 1214 569 1300 denique
603 1238 632 1281 a.
658 1215 690 1282 d.
716 1215 774 1282 [V.
798 1215 874 1283 Kal.
907 1216 1123 1302 epistulam9
1152 1216 1283 1302 scripsit
1312 1220 1391 1284 neae

212 1347 306 1390 morte
331 1327 398 1389 iens
423 1328 457 1389 in
483 1325 723 1406 Pompeianum.

320 1429 376 1511 67)
401 1428 495 1510 Quae
518 1429 551 1493 in
568 1451 618 1514 ep.
637 1428 678 1493 de
695 1439 781 1494 statu
797 1440 829 1493 et
844 1428 1017 1494 solitudine
1033 1430 1200 1508 Ciceronis
1217 1452 1388 1515 exponun-

127 1542 129 1548 '
212 1544 274 1620 tur,
299 1538 326 1601 si
342 1557 416 1600 eum
432 1534 589 1621 epistulae
605 1535 647 1602 ad
664 1536 731 1606 Att.
750 1536 799 1600 IV
817 1539 855 1600 11
874 1539 922 1619 (2)
939 1536 1066 1602 verbis:
1090 1562 1142 1624 epo
1159 1547 1290 1620 praeter
1305 1539 1387 1604 Dio·

213 1627 341 1728 ltpaiani
375 1646 473 1710 edati
507 1649 664 1710 atellensem
703 1644 956 1728 comparaveris,
996 1645 1054 1707 vix
1089 1643 1266 1731 dubitabis,
1306 1644 1387 1730 quin

212 1758 351 1835 utraque
375 1772 425 1836 ep.
450 1749 565 1814 eodem
587 1751 656 1814 fere
680 1760 825 1835 tempore
857 1750 935 1815 data
966 1750 1017 1816 sit.
1063 1751 1239 1816 Praeterea
1269 1751 1302 1815 in
1334 1774 1397 1836 eps,

213 1856 256 1920 ad
279 1859 347 1923 Ao.
372 1857 420 1920 IV
443 1860 474 1941 9,
499 1860 519 1921 2
544 1856 702 1938 Quintum
725 1857 837 1940 Nonis*
851 1857 946 1922 Maiis
970 1857 1014 1922 ad
1037 1858 1183 1923 Attioum
1206 1858 1320 1923 venire
1351 1880 1388 1922 se

202 1962 298 2043 'velle
321 1964 416 2029 fratri
438 1962 653 2028 renuntiasse
666 1963 821 2048 legimus3
846 1963 934 2029 unde
956 1965 1066 2029 neseio
1091 1986 1134 2030 an
1150 1963 1261 2049 colligi
1277 1964 1389 2048 liceat,

214 2082 287 2157 post
309 2071 421 2137 Nonas
446 2070 619 2156 epistulam
642 2071 685 2135 ad
711 2071 868 2153 Quintum
892 2072 931 2138 lr.
956 2071 989 2135 II
1013 2071 1034 2138 8
1062 2072 1282 2157 conscriptam
1305 2094 1387 2156 esse,

213 2179 246 2241 in
281 2201 347 2264 qua
386 2177 526 2259 Quintus
559 2191 594 2242 ut
629 2178 670 2243 ad
709 2178 843 2242 fratrem
875 2177 1005 2243 advolet
1040 2191 1139 2265 atque
1178 2178 1387 2264 adproperet,

215 2285 381 2351 invitatur.
429 2285 518 2349 Data
541 2296 649 2348 autem
673 2295 721 2348 est
752 2307 802 2369 ep.
827 2298 853 2348 'e
886 2283 964 2349 villa
996 2307 1097 2370 prope
1121 2284 1292 2370 Neapolim
1326 2286 1389 2349 sita

215 2393 285 2474 (ol'r.
313 2401 332 2474 ς’
357 2395 394 2456 3:
429 2396 517 2474 rrpeaed
541 2395 695 2458 ultricium
721 2396 902 2470 valebimus,
928 2403 960 2459 ut
979 2402 1136 2475 peratum
1159 2399 1202 2459 sit
1231 2416 1305 2456 eum
1337 2393 1387 2476 iis,

100 2559 103 2566 .
213 2520 298 2584 quae
321 2499 355 2563 in
379 2501 440 2582 §¹1
467 2497 509 2562 de
533 2497 708 2583 ootophoro
724 2498 886 2563 Aniciana
903 2498 1069 2583 dicuntur)
1091 2499 1111 2564 i.
1129 2523 1156 2568 e.
1174 2522 1192 2563 e
1208 2498 1387 2564 Puteolano

213 2604 267 2669 vel
290 2605 490 2691 Pompeiano
515 2605 643 2689 (Drum.
669 2604 717 2668 VI
742 2607 807 2671 392
830 2611 916 2691 squ.)

320 2711 377 2796 68)
400 2712 547 2777 Priorem
562 2711 668 2796 legem
685 2722 920 2777 amanuensem
936 2713 1059 2778 Maium
1075 2712 1175 2778 latam
1199 2735 1264 2778 non
1288 2713 1389 2778 fuisse

214 2820 353 2904 adparet
376 2842 419 2883 ex
443 2818 496 2883 illo
522 2820 602 2903 (Att.
627 2819 675 2882 IV
700 2822 731 2902 9,
759 2823 807 2902 1);
844 2823 977 2906 Syriam
1000 2843 1162 2904 speramns,
1187 2822 1387 2904 Hispaniam

214 2933 339 2994 laetans
376 2926 576 3010 (Pompeius)
611 2936 670 2992 eto.
706 2926 778 3010 (cfr.
810 2927 877 2993 Ast.
914 2927 962 2990 IV
997 2929 1048 3008 11,
1085 2929 1128 3011 1),
1163 2949 1249 3013 quae
1283 2925 1389 2991 verba

214 3034 425 3099 Drumannus
450 3033 746 3117 (111281lminus
770 3045 859 3098 reete
889 3033 930 3098 de
960 3033 1034 3119 lege
1062 3032 1116 3098 illo
1144 3044 1291 3119 tempore
1321 3035 1388 3099 iam

214 3141 360 3226 perfecta
382 3140 623 3225 iuterpretatur.
670 3140 784 3226 Neque
808 3163 885 3205 vero
909 3141 979 3226 ipse
1003 3163 1078 3205 oum
1100 3140 1298 3206 Hoffmanno
1323 3141 1390 3225 (‘de

215 3248 341 3332 origine
373 3246 451 3311 belli
481 3245 586 3311 civilis
619 3250 690 3312 eto?
715 3247 826 3334 [1857]
856 3270 888 3332 p.
915 3250 955 3314 19
979 3247 1055 3314 adn.
1082 3249 1137 3331 11)
1172 3270 1280 3334 neque
1313 3269 1386 3313 oum

214 3355 365 3440 Zumptio
391 3353 522 3438 (studia
544 3357 689 3419 romana*
713 3356 824 3441 [1859]
849 3378 881 3440 p.
907 3354 962 3438 84)
986 3350 1083 3438 facio,
1114 3355 1170 3440 qui
1198 3336 1302 3439 leges
1316 3354 1390 3420 illas

214 3484 324 3526 mense
349 3461 479 3525 demum
493 3460 579 3529 Nou.
597 3461 759 3546 (Zumptz
784 3460 869 3528 Idib.
886 3461 985 3545 Nou.)
1009 3462 1093 3527 latas
1117 3484 1188 3526 esse
1203 3463 1390 3543 linxerunt;

214 3591 292 3633 nam
309 3568 468 3653 eonsules,
493 3568 614 3654 quippe
631 3569 686 3655 qui
703 3567 782 3632 nihil
799 3569 964 3655 antiquius
979 3568 1138 3635 habereut
1154 3570 1187 3633 in
1204 3568 1391 3654 consulatur
1431 3650 1435 3659 Ι

215 3699 313 3762 quam
336 3687 371 3740 ut
394 3676 484 3760 leges
513 3674 586 3740 illas
618 3676 811 3760 perferrent,
846 3675 1083 3760 legislationem
1115 3699 1218 3762 usque
1254 3677 1297 3742 ad
1327 3670 1387 3742 ex·

214 3792 353 3848 tremum
383 3805 504 3848 annum
538 3781 700 3848 distulisse
731 3782 809 3846 mihi
840 3783 1040 3868 persuadere
1071 3806 1213 3869 nequem
1249 3783 1391 3867 aceedit,

215 3890 302 3975 quod
338 3890 403 3955 iam
437 3901 512 3954 ante
536 3889 586 3956 Id.
617 3889 700 3955 Nov.
733 3890 872 3955 Crassus
908 3891 942 3954 in
973 3889 1104 3980 Syriam
1138 3913 1231 3976 prov.
1268 3890 1391 3956 abiisse
1426 3945 1428 3948 ,

214 3997 345 4061 videtur
369 3999 450 4081 (Aa.
475 3996 524 4061 IV
549 3999 603 4080 13)
628 4008 725 4083 atque
749 3997 819 4061 sine
843 3996 942 4062 dubio
966 3996 1065 4062 multo
1090 4009 1165 4063 ante
1197 4020 1271 4063 eum
1302 3999 1388 4065 diem

215 4103 458 4190 expeditionem
480 4105 514 4168 in
527 4104 664 4169 Parthos
689 4105 753 4169 iam
777 4105 928 4189 parabat.
975 4104 1100 4189 Legem
1116 4126 1193 4169 vero
1217 4117 1392 4193 utramque

217 4212 333 4277 eodem
357 4211 410 4275 die
433 4212 534 4277 latam
565 4235 643 4276 esse.
659 4212 723 4276 Dio
757 4223 868 4276 narrat
893 4210 1060 4294 (XXXIX
1083 4214 1150 4296 38),
1187 4212 1240 4276 eui
1264 4224 1393 4279 contra—
