2954 4748
698 210 741 277 38

132 389 347 456 Schmidtium
378 389 411 453 in
444 388 611 454 ‘Zeitschn
642 390 714 455 fuer
745 388 847 456 klass.
871 387 1061 473 Philologie’
1095 389 1209 476 (1885)
1241 388 1307 456 ool.

133 499 317 564 1610-11.

239 605 294 690 37)
318 602 379 687 Ep.
404 602 482 667 data
505 612 553 666 est
583 613 656 687 post
687 627 717 670 a.
748 602 780 670 d.
805 602 899 670 XVI.
923 600 998 669 Kal.
1023 601 1121 669 Febr.
1152 603 1226 686 (csr.
1259 602 1304 669 in.

133 714 208 799 ep),
232 709 289 774 sed
314 720 391 774 aute
414 732 444 775 a.
470 708 501 775 d.
518 709 579 776 XI.
605 709 680 777 Kal.
705 720 838 796 propter
861 708 959 776 illud:
988 711 1149 778 Caninius
1172 719 1201 778 et
1226 711 1309 778 Octo

133 825 291 905 oeperunt
313 840 345 884 sc
368 821 462 902 lepem
485 821 584 885 ullam
601 827 674 885 autc
688 823 817 886 comula
832 841 898 885 csse
912 821 1056 900 laturos3
1079 839 1156 882 nam
1172 816 1305 882 comitia

133 949 162 992 a.
188 925 219 991 d.
245 923 305 990 XI.
329 921 405 988 Kal.
429 921 543 987 habita
566 932 650 990 sunt.
697 924 809 988 Artius
833 923 992 1009 epistulae
1015 932 1142 1009 tempus
1174 922 1307 1012 deliniri

132 1032 255 1118 nequit,
288 1029 358 1112 etsi,
392 1028 480 1115 quod
513 1030 651 1094 coniecit
675 1029 854 1116 GiuberuS,
887 1051 961 1095 eam
994 1052 1023 1096 a.
1056 1030 1087 1097 d.
1120 1030 1197 1097 XV.
1229 1029 1305 1096 Kal.

134 1141 246 1206 datam
271 1159 342 1202 esse
366 1134 536 1221 probabile
553 1146 611 1202 est.
659 1136 756 1217 Quod
773 1147 882 1202 antem
897 1135 967 1203 vult
982 1137 1170 1202 Koernerus
1187 1140 1231 1224 (p.
1251 1139 1306 1224 11)

132 1248 199 1313 iam
222 1268 252 1312 a.
277 1244 310 1310 d.
334 1242 427 1308 XVI.
452 1240 540 1327 Kal,
575 1265 638 1329 quo
668 1242 783 1307 eodem
813 1243 866 1307 die
899 1266 950 1329 ep.
984 1246 1004 1308 2
1034 1241 1112 1309 dats
1141 1253 1200 1329 est,
1231 1265 1306 1310 eam

133 1353 352 1437 conscriptam
368 1371 448 1436 esse,
465 1347 565 1414 valde
580 1348 659 1412 mihi
675 1348 844 1434 displicet3
859 1350 998 1415 eandem
1014 1351 1101 1416 enim
1112 1351 1309 1417 sententiam

132 1460 248 1525 iisdem
270 1457 381 1522 verbis
404 1456 438 1520 in
461 1454 565 1520 altera
589 1464 685 1541 atque
709 1455 813 1520 altera
836 1455 976 1542 epistula
992 1457 1109 1522 Cicero
1133 1459 1308 1547 expressit,

133 1565 221 1653 quod
242 1573 333 1629 ‚certe
357 1562 471 1628 eodem
496 1561 548 1627 die
571 1584 636 1626 non
659 1561 748 1647 fecit,
780 1563 838 1629 cfr.
864 1565 895 1646 2,
918 1565 956 1628 4:
992 1568 1047 1632 lucc
1074 1568 1219 1632 oidecnar
1240 1589 1310 1635 csse

132 1677 296 1751 consecuti,
329 1679 363 1738 ct
391 1693 431 1737 ac
460 1674 537 1755 quid
565 1674 618 1759 opi
641 1692 711 1737 cum
728 1675 847 1753 populo
870 1681 927 1740 auc
949 1675 1047 1740 sulcis
1071 1676 1227 1756 auspiciis
1250 1681 1308 1742 aul

132 1781 371 1865 sclotslept'bus
395 1786 451 1845 aut
474 1779 605 1861 denique
626 1780 694 1844 sine
715 1781 747 1843 cl
762 1785 877 1860 posset,
902 1799 976 1841 cum
998 1776 1053 1842 illo
1076 1780 1122 1865 (4,
1145 1780 1197 1866 2);
1224 1785 1311 1848 salis

133 1890 213 1954 mitt
229 1889 397 1969 provisum
420 1891 473 1961 cst,
505 1891 539 1950 ut
569 1906 607 1950 oc
629 1886 707 1968 quid
729 1887 828 1951 sulcis
852 1888 1008 1967 auspiciis
1031 1895 1088 1953 out
1110 1889 1227 1972 lepidus
1250 1895 1312 1955 out

132 1999 229 2061 ctiam
252 1997 321 2060 sinc
343 1996 375 2058 oi
397 2015 488 2077 apere
504 1998 656 2073 posseat;
679 1989 817 2074 accedit,
841 1988 930 2077 quod
953 1990 1126 2076 epistulam
1141 2003 1218 2058 ante
1235 1993 1310 2058 dies

132 2098 311 2166 comitiales
327 2097 439 2163 datam
455 2119 525 2161 esse
536 2096 724 2161 Koernerus
737 2095 770 2183 (l.
783 2095 818 2178 l.)
835 2118 900 2161 non
916 2096 1079 2182 probavit.
1114 2098 1186 2164 Iam
1200 2099 1308 2180 vides,

133 2230 197 2293 qno
226 2205 296 2270 loco
328 2203 433 2270 altera
463 2203 609 2268 eiusdem
638 2203 701 2267 viri
730 2212 776 2288 (p.
807 2205 845 2267 11
877 2214 909 2268 et
941 2206 996 2288 12)
1024 2205 1211 2272 coniectura
1239 2207 1309 2293 epi·

134 2313 234 2379 stulas
270 2313 358 2378 2-4
390 2309 504 2375 eodem
529 2309 582 2374 die
616 2309 755 2395 scriptas
786 2309 820 2374 in
855 2332 955 2375 unam
990 2334 1061 2377 esse
1096 2313 1311 2380 coniciendae

133 2419 287 2486 habenda
311 2418 370 2485 sit.¹

240 2526 296 2612 38)
320 2524 406 2589 Vide
429 2524 633 2589 Koernerum
656 2546 689 2609 p.
715 2526 766 2597 12,

240 2635 296 2719 39)
319 2632 371 2696 De
383 2631 436 2696 die
450 2633 508 2697 cfr.
517 2630 752 2696 Buechelerum
763 2632 797 2696 in
806 2631 890 2698 Mus.
899 2631 1003 2699 Rhen.
1019 2633 1103 2700 1857
1117 2656 1149 2718 p.
1159 2634 1225 2700 532
1233 2656 1309 2721 squ.

240 2742 297 2822 40)
320 2739 382 2824 Ep.
408 2738 521 2804 datam
544 2761 614 2803 esse
643 2749 717 2824 post
744 2761 775 2805 a.
801 2738 832 2806 d.
856 2738 916 2806 VI.
941 2739 990 2807 Id.
1016 2739 1114 2808 Febr.
1143 2749 1233 2827 patet
1263 2765 1310 2807 ex

133 2847 245 2914 verbis
269 2852 302 2930 (ξ
327 2847 373 2932 ll:
399 2871 420 2913 o
447 2847 565 2914 Getone
588 2865 699 2929 aspere
721 2855 750 2913 ct
773 2850 880 2914 acerbe
903 2869 991 2932 squ.;
1015 2869 1112 2932 porro
1137 2846 1309 2934 aliquanto

133 2963 208 3040 post
231 2953 310 3018 data
340 2962 400 3036 est,
434 2952 469 3016 id
501 2952 588 3038 quod
617 2975 659 3017 ex
690 2953 797 3038 prima
825 2953 985 3039 epistulae
1017 2955 1180 3020 sententia
1207 2955 1308 3022 facile

134 3060 345 3145 intellegitur.
392 3060 491 3124 Errat
521 3070 631 3125 autem
654 3060 842 3126 Koernerus
866 3064 911 3147 (p.
938 3063 1002 3149 14),
1046 3061 1103 3148 qui
1132 3084 1183 3147 ep.
1216 3084 1247 3130 a.
1273 3063 1309 3130 d.

133 3169 191 3234 Vl.
209 3168 262 3233 vel
278 3168 318 3234 V.
335 3166 384 3234 Id.
401 3167 521 3232 'datam
543 3190 614 3232 esse
637 3167 714 3233 inde
736 3167 870 3252 colligit,
891 3168 978 3253 quod
996 3168 1124 3254 Cicero,
1142 3191 1216 3233 cum
1239 3170 1308 3255 epi-

134 3273 253 3341 stulam
277 3266 717 3358 daretjsenatusconsultum
741 3298 770 3341 a.
795 3273 826 3340 d.
847 3273 905 3340 IV.
922 3273 972 3340 Id.
996 3275 1120 3340 factum
1142 3277 1188 3341 ‘nt
1210 3276 1311 3343 soda-

134 3381 241 3447 litates
265 3380 490 3466 discederent,
522 3381 742 3464 ignoraverit3
779 3381 819 3446 de
850 3380 913 3445 hac
942 3381 1029 3445 enim
1060 3382 1233 3448 inscientia
1263 3398 1317 3449 ex'

135 3487 273 3574 epistula
296 3487 376 3552 nihil
400 3510 478 3552 sane
502 3497 641 3553 constat.

243 3595 298 3683 41)
321 3594 474 3680 Zumptii‚
491 3594 628 3679 Ungui,
645 3593 807 3660 Koerneri
823 3596 866 3682 (p.
894 3595 947 3684 15)
965 3594 1005 3660 de
1022 3597 1194 3679 sententia,
1219 3595 1309 3661 diem

135 3713 220 3766 extr.
245 3722 296 3785 ep.
314 3700 515 3785 adscriptum
531 3700 574 3765 ad
590 3699 688 3765 aliam
705 3695 877 3786 epistulam
901 3702 1074 3788 pertinere,
1092 3700 1310 3777 videadnot.

134 3830 241 3872 meam
272 3809 299 3873 1.
353 3807 393 3871 ln
427 3813 447 3890 ξ
473 3811 499 3889 2
533 3817 606 3893 post
641 3807 722 3872 illud
758 3809 802 3872 *in
836 3811 1012 3893 posterum'
1047 3808 1309 3893 Wesenbergius

134 3935 250 3979 vocem
271 3912 377 3977 ‘diem’
401 3913 540 3998 addidit,
564 3935 649 4000 qnae
672 3913 803 3978 minime
827 3925 876 3979 est
899 3915 1095 3982 necessaria.

241 4021 297 4110 42)
320 4019 414 4084 Haec
443 4043 505 4106 ep,
538 4043 637 4107 quam
661 4021 775 4085 Asinio
799 4021 926 4087 Polioni
955 4022 999 4086 ad
1024 4021 1201 4087 Lentulum
1229 4044 1306 4108 pro-

134 4128 293 4195 ficiscenti
317 4127 528 4193 deferendam
552 4129 667 4194 Cicero
692 4127 792 4212 dedit,
825 4129 1011 4215 conscripta
1038 4139 1087 4194 est
1109 4152 1225 4215 neque,
1258 4129 1308 4194 uti

135 4235 238 4302 voluit
255 4233 434 4320 Gruterus,
458 4235 542 4300 inter
566 4258 616 4320 ep.
641 4237 691 4301 oa
715 4245 747 4300 et
770 4235 821 4300 ob
846 4235 916 4324 (cfr.
940 4236 1010 4302 init.
1035 4259 1085 4322 ep.
1110 4234 1173 4326 51))
1189 4257 1309 4323 neque,
