2954 4748
714 243 857 313 51.

145 427 251 494 Rheni
289 425 420 512 quidem
458 422 630 492 traiectum
664 445 683 486 a
716 421 858 487 Caesare
892 421 1016 486 factum
1051 422 1174 488 Romae
1208 432 1324 490 notum

145 536 256 618 fuisse,
295 531 435 598 eundem
470 552 550 596 uero
584 529 760 596 Caesarem
794 527 829 592 in
864 528 1069 594 Britanniam
1102 531 1321 597 transmisisse

128 641 300 709 Ciceroni
323 638 468 704 nondum
498 636 695 718 innotuisse3
731 635 821 721 atqui
852 645 992 700 exeunte
1016 635 1173 718 Quinctili
1197 638 1326 704 Caesar

146 760 279 837 pontem
310 748 344 811 ln
375 745 488 810 Rheno
519 743 669 828 confecit,
703 742 811 807 medio
844 743 912 807 fere
936 742 1024 829 Sept.
1056 744 1089 808 in
1114 744 1320 811 Britanniam

145 856 294 936 traiecit3
318 876 396 937 ergo
421 862 494 939 post
516 850 658 916 medium
682 871 826 914 mensem
843 849 998 914 Sextilem
1022 861 1054 915 et
1077 860 1152 916 ante
1176 874 1322 918 mensem

148 965 233 1032 Oct.¹
269 962 386 1029 Cicero
410 960 589 1025 orationem
611 957 644 1021 in
667 958 819 1022 Pisonem
844 957 958 1022 habuit
980 968 1013 1022 et
1034 959 1208 1044 Pompeius
1231 959 1324 1025 thea-

145 1084 233 1139 trum
257 1067 433 1135 dedicavit.
480 1065 668 1130 Koernerus
692 1065 798 1129 minus
822 1076 910 1129 recte
939 1065 1179 1133 dedicationem
1209 1089 1320 1133 mense

148 1179 221 1246 Oet.
245 1179 367 1244 factam
390 1196 460 1239 esse
483 1171 553 1237 vult
577 1173 620 1262 (p.
644 1173 798 1261 33--34),
834 1172 890 1258 qui
913 1194 1005 1237 error
1032 1172 1228 1239 indonatus
1261 1185 1324 1262 est,

147 1287 236 1374 qnod
251 1283 353 1349 Dioni
377 1282 408 1372 (l.
425 1280 445 1347 l.
462 1281 516 1370 39)
540 1290 571 1344 et
587 1278 762 1345 Plutarcho
786 1279 912 1366 (Pomp.
928 1280 984 1369 52)
1006 1280 1041 1344 in
1057 1279 1120 1345 hac
1135 1303 1171 1345 re
1186 1281 1322 1346 nimium

147 1392 271 1476 tribuit,
302 1389 470 1457 Ciceronis
504 1387 584 1452 illud
609 1387 653 1477 (in
676 1385 742 1452 Pis.
768 1385 842 1476 97);
878 1391 969 1455 callo
998 1411 1036 1456 ea
1066 1393 1164 1457 trlar's
1194 1393 1328 1457 aestiuis·

145 1504 322 1590 protelatio
345 1496 533 1581 angustiore
557 1517 654 1560 sensu
669 1493 838 1578 intellexit,
855 1494 1007 1561 Pisonem
1022 1517 1087 1559 non
1103 1495 1194 1581 prius
1211 1495 1326 1561 Samo·

149 1608 308 1673 thraciam
332 1617 364 1670 et
380 1604 524 1668 Thasum
547 1625 581 1666 se
606 1600 779 1666 contulisse
804 1610 907 1687 putat,
931 1624 1030 1687 quam
1053 1603 1234 1667 successori
1249 1625 1326 1689 pro-

150 1715 294 1780 vincIam
318 1711 508 1777 tradidisset
531 1710 576 1797 (in
600 1709 666 1775 Pis.
691 1708 755 1798 89).

259 1821 312 1910 72)
336 1819 477 1885 Comitia
499 1817 614 1882 habita
638 1826 722 1898 sunt,
757 1825 928 1901 postquam
951 1816 1027 1881 Piso
1061 1839 1104 1881 ex
1127 1817 1329 1883 Macedonia.

151 1951 244 2015 prov.
268 1927 366 1993 rediit
390 1926 434 2012 (iu
458 1925 524 1991 Pis.
549 1925 612 1988 55:
649 1947 688 1990 ac
711 1927 750 1990 de
773 1925 1010 2016 officiosissimo
1037 1927 1164 2009 quidem
1194 1929 1326 1994 actione

150 2039 412 2108 candidatorum)
443 2041 475 2095 et
507 2040 682 2115 antequam
706 2029 844 2095 Crassus
872 2052 915 2093 ex
943 2029 1024 2094 urbe
1052 2030 1086 2094 in
1120 2031 1324 2116 provinciam

151 2163 246 2206 suam
270 2140 359 2223 abiit,
383 2139 439 2226 qui
465 2140 534 2223 ipse
558 2136 690 2203 comitia
713 2135 864 2201 aedilicia
880 2136 957 2201 fecit
973 2135 1097 2223 (Plano.
1122 2138 1187 2226 49).
1225 2138 1324 2203 Erra-

152 2257 271 2312 verunt
294 2246 392 2331 igitur
416 2256 447 2311 et
465 2245 693 2327 'Drumannua
726 2242 782 2329 qui
805 2252 879 2328 post
907 2266 936 2309 a.
962 2243 993 2310 d.
1018 2243 1115 2310 XIII.
1140 2244 1216 2312 Kal.
1241 2245 1323 2313 Dec.

152 2354 284 2420 comitia
305 2354 403 2418 fuisse
428 2376 471 2417 ex
493 2354 561 2417 Att.
586 2350 634 2414 IV
660 2352 710 2432 13.
737 2352 753 2414 l
779 2365 927 2436 repetere
959 2350 1061 2415 voluit
1085 2351 1145 2441 (IV
1169 2353 1257 2442 526),
1293 2361 1330 2418 et.

151 2461 328 2546 Manutius,
352 2461 463 2547 quiin
488 2481 610 2524 annum
632 2459 818 2544 proximum
842 2480 881 2523 ea
905 2457 1051 2525 detrusit.

261 2570 313 2658 73)
338 2567 435 2649 Quod
459 2567 493 2631 in
509 2590 560 2652 ep.
577 2564 697 2650 legitur
713 2566 745 2654 (ξ
771 2565 818 2654 1);
843 2589 901 2634 aos
916 2570 953 2633 iu
971 2569 1190 2636 Tusculanum
1204 2573 1330 2636 venisse

152 2704 181 2747 a.
215 2681 246 2745 d.
272 2678 395 2744 XVII.
428 2677 506 2743 Kal.
539 2675 615 2741 Dec.
648 2676 737 2741 video
771 2682 799 2740 te
831 2678 921 2752 scire,
947 2672 1062 2739 Cicero
1096 2696 1133 2738 eo
1167 2673 1239 2760 ipso
1273 2674 1332 2740 die'

151 2784 297 2850 scrihere
312 2803 378 2845 non
393 2781 507 2866 potuit,
531 2781 589 2845 sed
606 2780 669 2864 die,
686 2780 742 2866 qui
758 2790 887 2844 secutus
904 2789 962 2864 est,
978 2779 1033 2848 vel
1049 2791 1163 2867 postea
1178 2782 1329 2868 scripsit;

152 2888 271 2956 deinde
305 2887 392 2951 idem
421 2909 472 2971 ep.
502 2896 585 2953 extr.
616 2887 763 2953 Atticum
797 2896 904 2971 rogat,
938 2887 987 2951 uti
1017 2886 1058 2951 de
1090 2887 1139 2952 rei
1173 2887 1325 2974 publicae

153 3006 239 3064 statu
262 2995 365 3060 adse
393 2992 526 3076 scribat,
558 3015 600 3057 ne
628 2993 711 3057 istuc
743 2993 861 3079 hospes
892 2993 1065 3076 adveniat3
1099 3017 1197 3081 porro
1229 3019 1260 3062 a.
1293 2995 1328 3063 d.

152 3104 246 3170 XIV.
270 3142 315 3152 -
338 3101 385 3165 ita
407 3122 481 3166 eum
500 3099 651 3165 Manutio
675 3109 707 3164 et
729 3100 860 3166 Baitero
884 3123 1037 3166 numerus
1053 3101 1193 3167 Medicei
1207 3102 1329 3167 XVIII

154 3209 377 3276 emendandus
390 3207 535 3289 videtur,
551 3205 818 3292 Wesenbergius,
830 3230 926 3294 quem
938 3217 1068 3274 secutus
1081 3218 1129 3274 est
1138 3208 1330 3276 Koernerus

155 3318 198 3403 (p.
212 3318 277 3407 35),
302 3315 454 3382 coniecit:
479 3340 509 3383 o.
534 3316 564 3383 d.
583 3316 704 3393 XIII..
727 3315 815 3401 quod
839 3337 904 3380 nou
930 3315 1012 3381 adeo
1028 3315 1202 3402 probatum
1218 3315 1325 3382 haheo

154 3463 199 3473 -
221 3421 296 3488 Kal.
321 3423 443 3487 Romae
466 3421 582 3487 adesse
605 3420 716 3486 voluit.
765 3420 877 3502 Quare
909 3422 1049 3509 epistula
1081 3422 1160 3488 data
1190 3433 1238 3488 est
1272 3423 1327 3495 rel

156 3553 185 3595 a.
220 3528 251 3594 d.
275 3528 369 3594 XVI.
400 3528 455 3600 vel
484 3551 513 3596 a.
546 3529 578 3596 d.
602 3529 678 3595 XV.
712 3528 788 3596 Kal.
821 3530 921 3613 Dec.3
956 3530 1035 3595 data
1067 3530 1200 3595 videtur
1234 3553 1264 3598 a.
1294 3531 1326 3598 d.

154 3635 248 3702 XVI.
273 3634 349 3702 Kal.

265 3743 317 3832 74)
341 3741 447 3807 Huius
478 3742 636 3829 epistulae
670 3743 704 3807 in
735 3754 883 3828 tempore
915 3743 1099 3809 definiendo
1129 3745 1198 3809 sine
1227 3745 1330 3812 dubio

154 3849 264 3936 lapsus
288 3859 337 3916 est
360 3849 548 3915 Koernerus
573 3851 615 3939 (p.
633 3849 788 3939 51-52),
812 3850 868 3936 qui
891 3872 982 3916 error
1005 3851 1035 3915 ei
1058 3873 1123 3916 non
1147 3851 1329 3938 obtigisset,

155 3958 183 4022 si
212 3956 390 4044 Plutarchi,
424 3980 508 4043 quae
543 3957 613 4043 ipse
646 3955 794 4022 laudavit
822 3957 935 4042 verba,
971 3957 1198 4044 perpendisset
1231 3958 1329 4025 haec:

155 4065 326 4155 (Κράσσος)
352 4067 546 4155 ἀνεχώρησεν
571 4062 662 4141 αὐτὸς
686 4064 717 4133 ἐν
741 4067 837 4153 Συρία
860 4068 1069 4154 διαχειμάσων
1093 4074 1148 4134 καὶ
1171 4070 1331 4156 δεξόμενος

156 4169 268 4238 αὐτόθι
291 4179 341 4241 τὸν
364 4172 427 4240 υἱὸν
451 4173 566 4261 ἥκοντα
588 4177 673 4258 παρὰ
695 4173 856 4260 Καίσαρος
880 4172 916 4239 ἐκ
931 4172 1089 4250 Γαλατίας
1111 4171 1200 4243 αὐτόν
1222 4201 1254 4242 τε
1277 4200 1332 4242 κε-

155 4286 347 4369 κοσμημένον
372 4279 532 4366 ἀριστείοις
549 4300 619 4364 squ.
637 4278 758 4363 (Crass.
778 4280 830 4363 17,
846 4278 897 4367 4),
920 4278 998 4344 inde
1016 4280 1103 4345 enim
1118 4280 1155 4346 P.
1173 4280 1329 4346 Crassum
