2954 4748
701 279 721 344 6

127 457 229 522 Porro
255 457 428 542 Appianas
451 457 483 520 in
509 455 601 520 bellis
633 454 783 520 civilibus
816 478 867 520 res
898 456 991 520 annis
1021 457 1153 520 58-54
1188 465 1302 538 gestas

127 586 268 629 summas
293 563 515 629 tantummodo
541 563 697 648 adtingit,
722 585 907 649 quaerero
931 561 1018 627 idem
1034 573 1147 628 auctor
1163 563 1196 627 in
1212 562 1301 628 libro

129 671 180 760 ,de
203 671 301 736 rebus
325 669 461 754 gallicis’
479 672 519 735 de
536 671 650 734 eodem
666 671 820 756 temporis
837 670 941 755 spatio
955 670 1101 754 tradidit,
1118 671 1300 735 maximam

127 788 254 864 partem
286 778 487 844 interierunt.
542 778 709 842 Postremo
741 788 772 842 et
806 779 876 842 vita
909 776 1060 843 Caesaris
1093 801 1112 842 a
1144 776 1303 842 Suetonio

128 869 313 970 conscripta
343 895 375 948 61
405 883 533 966 Velleii,
556 883 655 968 Flori,
687 883 794 949 Orosii
823 883 899 948 libri
931 883 974 948 ad
1002 896 1150 968 tempora
1180 883 1298 948 consti-

127 991 249 1057 tuenda
272 1014 394 1074 eorum,
430 986 611 1076 dequibus
636 991 745 1075 agitur
768 991 871 1074 annis,
904 989 983 1055 nibil
1007 1013 1085 1056 sane
1115 991 1301 1057 conferunt„

234 1099 273 1162 Iu
304 1098 464 1163 orationes
488 1097 666 1184 TullianaS,
699 1120 761 1183 quo
794 1097 906 1161 ordine
941 1096 1072 1162 habitae
1097 1098 1213 1179 essent,
1248 1121 1298 1163 re·
1335 1151 1340 1162 .

127 1228 263 1292 rumque
298 1215 464 1291 gestarum
498 1205 532 1270 in
566 1213 713 1290 tempora
741 1202 929 1269 Ludovicus
959 1204 1107 1288 Langius
1141 1205 1175 1268 in
1208 1204 1299 1270 volu·

127 1313 214 1376 mine
252 1312 313 1378 III.
354 1312 591 1399 antiquitatum,
629 1333 711 1397 quas
749 1310 890 1396 scripsit,
928 1321 1135 1379 romanarum
1176 1310 1302 1395 (Berol.

130 1419 250 1502 18762)
274 1419 418 1484 breviter
441 1419 573 1505 quidem
595 1441 709 1483 verum
733 1427 784 1484 sat
798 1417 935 1482 feliciter
950 1417 1127 1503 inquisivit.
1174 1418 1239 1483 Sed
1257 1418 1304 1483 de

128 1526 285 1612 epistulis,
316 1526 433 1612 quibus
463 1526 577 1590 diebus
600 1524 653 1590 vel
676 1525 841 1590 mensibus
872 1523 1019 1608 singulae
1050 1525 1148 1590 (16166
1181 1533 1303 1609 essent,

127 1645 201 1720 post
226 1633 412 1699 Gruberum
435 1633 593 1719 (quaestio
617 1632 658 1697 (16
681 1642 825 1718 tempore
848 1641 945 1718 61666
977 1632 1060 1696 serie
1087 1631 1305 1718 epistularum.

130 1740 313 1824 Ciceronis,
356 1740 501 1805 Sandiae
538 1741 636 1823 1836)
678 1748 808 1824 praeter
846 1761 954 1824 pauca
987 1739 1107 1823 verba,
1147 1760 1230 1824 6666
1265 1739 1302 1804 16

128 1847 296 1931 Philologo
321 1845 399 1932 (vol.
423 1846 520 1913 XIII.
545 1869 576 1932 p.
590 1847 779 1929 645-656)
795 1846 1011 1911 Hoffmannns
1035 1846 1076 1910 dc
1092 1845 1238 1932 epistulis
1255 1845 1300 1911 ad

128 1954 196 2020 An.
220 1954 272 2017 III
298 1955 382 2019 1-‚7
406 1953 493 2038 fecit,
518 1976 566 2037 eo,
590 1975 654 2039 quo
678 1951 822 2018 libellum
845 1953 944 2018 hocce
967 1953 1001 2017 in
1024 1952 1175 2017 manibus
1198 1952 1303 2017 habe·

128 2061 205 2126 bam
220 2071 375 2146 tempore,
393 2060 580 2144 diligentins
591 2083 685 2125 nemo
699 2061 921 2147 quaesiverat,
938 2059 1046 2125 libello
1059 2083 1137 2125 vero
1147 2058 1303 2126 ‘absoluto

130 2167 241 2233 adlata
257 2177 305 2232 est
319 2167 398 2231 mihi
413 2169 454 2235 A.
471 2167 633 2232 Koerneri
657 2166 840 2233 dissertatio
863 2167 1057 2253 Lipsiensis:
1083 2167 1135 2232 ‘de
1152 2165 1303 2253 epistulis

130 2297 150 2338 a
174 2273 332 2340 Cicerone
354 2285 429 2360 post
457 2274 598 2338 reditum
626 2297 728 2360 usque
759 2275 802 2339 ad
825 2275 924 2339 finem
944 2275 1022 2339 anni
1053 2296 1083 2341 a.
1108 2298 1139 2340 u.
1170 2297 1198 2341 6.
1234 2275 1305 2340 700

131 2380 216 2445 datis
233 2380 437 2466 quaestiones
454 2379 724 2465 chronologicae',
740 2403 823 2466 quae
840 2403 925 2446 anno
944 2382 1028 2446 1885
1052 2381 1086 2445 in
1102 2379 1208 2446 lucem
1222 2401 1298 2464 pro-

131 2489 200 2555 diit.
231 2489 283 2552 Ac
298 2487 486 2552 Koernerus
502 2487 634 2574 quidem
658 2487 717 2551 etsi
741 2487 781 2552 de
796 2487 904 2552 multis
919 2487 1018 2552 rebus
1033 2487 1157 2552 minore
1173 2484 1298 2570 ingenii

131 2596 202 2660 acie
225 2594 405 2680 mentisque
429 2592 604 2658 subtilitate
627 2594 783 2659 iudicium
805 2594 922 2659 fecisse
945 2593 1024 2658 mihi
1052 2594 1192 2677 videtur,
1227 2591 1304 2657 dili-

131 2703 318 2788 gentissime
341 2711 451 2766 tamen
475 2701 583 2766 omnia
598 2701 666 2765 fere
682 2709 863 2786 temporum
878 2700 1001 2765 indicia
1018 2723 1064 2764 ex*
1077 2698 1232 2789 epistulis,
1258 2699 1306 2764 de

132 2809 249 2897 quibus
266 2808 454 2893 disputavit,
473 2807 644 2892 congessit,
670 2807 734 2872 alia
749 2807 872 2895 primus
888 2807 980 2894 vidit,
997 2807 1030 2872 in
1047 2807 1118 2872 aliis
1135 2805 1307 2893 amplioris

132 2914 348 3002 inquisitionis
364 2914 578 2980 lundamenta
600 2914 694 2997 iecit,
717 2914 826 3000 116666
843 2913 920 3001 6616
938 2935 975 2978 66
991 2912 1074 2978 libro
1090 2936 1168 2979 usus
1185 2935 1308 2998 essem,

132 3044 205 3087 cum
252 3021 509 3086 dissertationem
549 3021 693 3085 emittere
732 3020 934 3104 dubitarem,
977 3020 1172 3104 retractavi,
1216 3042 1309 3106 quae-

132 3129 341 3214 scripseram
359 3151 447 3214 qnae
461 3151 561 3214 opera
584 3128 610 3192 si
634 3137 767 3214 propter
789 3128 943 3214 temporis
968 3127 1137 3211 angustias
1160 3150 1227 3192 non
1251 3150 1309 3217 ea,

132 3259 196 3322 666
220 3258 281 3321 par
305 3244 375 3300 erat
399 3234 578 3320 diligentia,
609 3256 629 3299 6
652 3256 703 3298 me
727 3234 953 3299 administrata
978 3243 1036 3318 est,
1059 3234 1191 3298 veniam
1214 3244 1309 3320 pet0.
1336 3235 1339 3240 ’
