<?xml version="1.0" encoding="UTF-8"?>
<!DOCTYPE html PUBLIC "-//W3C//DTD XHTML 1.0 Transitional//EN"
    "http://www.w3.org/TR/xhtml1/DTD/xhtml1-transitional.dtd">
<html xmlns="http://www.w3.org/1999/xhtml" xml:lang="en" lang="en">
 <head>
  <title>
</title>
<meta http-equiv="Content-Type" content="text/html;charset=utf-8" />
  <meta name='ocr-system' content='tesseract 3.04.00' />
  <meta name='ocr-capabilities' content='ocr_page ocr_carea ocr_par ocr_line ocrx_word'/>
</head>
<body>
  <div class='ocr_page' id='page_1' title='image "./ephemeridestull00rausgoog_0026.png"; bbox 0 0 2954 4748; ppageno 0'>
   <div class='ocr_carea' id='block_1_1' title="bbox 707 225 761 289">
    <p class='ocr_par' dir='ltr' id='par_1_1' title="bbox 707 225 761 289">
     <span class='ocr_line' id='line_1_1' title="bbox 707 225 761 289; baseline -0.037 0"><span class='ocrx_word' id='word_1_1' title='bbox 707 225 761 289; x_wconf 79' lang='grc'>’21</span> 
     </span>
    </p>
   </div>
   <div class='ocr_carea' id='block_1_2' title="bbox 139 399 1328 2525">
    <p class='ocr_par' dir='ltr' id='par_1_2' title="bbox 149 399 1328 914">
     <span class='ocr_line' id='line_1_2' title="bbox 149 399 1327 489; baseline 0.001 -20"><span class='ocrx_word' id='word_1_2' title='bbox 149 401 319 470; x_wconf 41' lang='grc' dir='ltr'>ΧΙμΚαΙῑ</span> <span class='ocrx_word' id='word_1_3' title='bbox 344 399 417 468; x_wconf 85' lang='lat' dir='ltr'>Oct.</span> <span class='ocrx_word' id='word_1_4' title='bbox 436 399 566 468; x_wconf 82' lang='lat' dir='ltr'>Caesar</span> <span class='ocrx_word' id='word_1_5' title='bbox 578 400 771 482; x_wconf 71' lang='lat' dir='ltr'>exercitum</span> <span class='ocrx_word' id='word_1_6' title='bbox 798 424 816 467; x_wconf 87' lang='lat' dir='ltr'>e</span> <span class='ocrx_word' id='word_1_7' title='bbox 839 402 1009 468; x_wconf 80' lang='lat' dir='ltr'><strong>Britannia</strong></span> <span class='ocrx_word' id='word_1_8' title='bbox 1025 404 1229 489; x_wconf 80' lang='lat' dir='ltr'>reportabat</span> <span class='ocrx_word' id='word_1_9' title='bbox 1246 405 1327 486; x_wconf 88' lang='lat' dir='ltr'>(Att.</span> 
     </span>
     <span class='ocr_line' id='line_1_3' title="bbox 153 504 1327 596; baseline 0 -19"><span class='ocrx_word' id='word_1_10' title='bbox 153 511 204 577; x_wconf 94' lang='lat' dir='ltr'>IV</span> <span class='ocrx_word' id='word_1_11' title='bbox 230 509 282 592; x_wconf 82' lang='lat'>18,</span> <span class='ocrx_word' id='word_1_12' title='bbox 306 508 341 592; x_wconf 78' lang='grc'>5)</span> <span class='ocrx_word' id='word_1_13' title='bbox 365 517 463 595; x_wconf 88' lang='lat' dir='ltr'>atque</span> <span class='ocrx_word' id='word_1_14' title='bbox 492 504 588 594; x_wconf 88' lang='lat' dir='ltr'>paulo</span> <span class='ocrx_word' id='word_1_15' title='bbox 612 515 685 593; x_wconf 90' lang='lat' dir='ltr'>post</span> <span class='ocrx_word' id='word_1_16' title='bbox 701 508 940 595; x_wconf 78' lang='lat' dir='ltr'>aequinoctium</span> <span class='ocrx_word' id='word_1_17' title='bbox 953 507 1097 577; x_wconf 86' lang='lat' dir='ltr'>suberat</span> <span class='ocrx_word' id='word_1_18' title='bbox 1113 509 1221 593; x_wconf 88' lang='lat' dir='ltr'>(Caes.</span> <span class='ocrx_word' id='word_1_19' title='bbox 1246 509 1278 576; x_wconf 93' lang='lat' dir='ltr'>b.</span> <span class='ocrx_word' id='word_1_20' title='bbox 1294 533 1327 596; x_wconf 84' lang='lat' dir='ltr'>g.</span> 
     </span>
     <span class='ocr_line' id='line_1_4' title="bbox 150 613 1327 701; baseline 0 -19"><span class='ocrx_word' id='word_1_21' title='bbox 150 618 187 682; x_wconf 87' lang='lat' dir='ltr'>V</span> <span class='ocrx_word' id='word_1_22' title='bbox 210 618 288 699; x_wconf 78' lang='lat'><strong>23);</strong></span> <span class='ocrx_word' id='word_1_23' title='bbox 320 613 436 701; x_wconf 89' lang='lat' dir='ltr'>quodsi</span> <span class='ocrx_word' id='word_1_24' title='bbox 459 636 546 679; x_wconf 89' lang='lat' dir='ltr'>anno</span> <span class='ocrx_word' id='word_1_25' title='bbox 568 613 652 679; x_wconf 92' lang='lat' dir='ltr'>LIII</span> <span class='ocrx_word' id='word_1_26' title='bbox 674 613 878 681; x_wconf 78' lang='lat' dir='ltr'>intercalatio</span> <span class='ocrx_word' id='word_1_27' title='bbox 901 615 964 680; x_wconf 86' lang='lat' dir='ltr'>ista</span> <span class='ocrx_word' id='word_1_28' title='bbox 992 615 1080 680; x_wconf 87' lang='lat' dir='ltr'>facta</span> <span class='ocrx_word' id='word_1_29' title='bbox 1111 627 1205 698; x_wconf 86' lang='lat' dir='ltr'>esset,</span> <span class='ocrx_word' id='word_1_30' title='bbox 1236 639 1266 682; x_wconf 92' lang='lat' dir='ltr'>a.</span> <span class='ocrx_word' id='word_1_31' title='bbox 1295 617 1327 682; x_wconf 93' lang='lat' dir='ltr'>d.</span> 
     </span>
     <span class='ocr_line' id='line_1_5' title="bbox 152 704 1328 792; baseline -0.003 -2"><span class='ocrx_word' id='word_1_32' title='bbox 152 724 218 792; x_wconf 83' lang='lat' dir='ltr'>xr.</span> <span class='ocrx_word' id='word_1_33' title='bbox 242 722 318 788; x_wconf 64' lang='lat' dir='ltr'>Kal.</span> <span class='ocrx_word' id='word_1_34' title='bbox 343 718 415 788; x_wconf 74' lang='lat' dir='ltr'>oe.</span> <span class='ocrx_word' id='word_1_35' title='bbox 440 720 510 787; x_wconf 69' lang='lat' dir='ltr'>aies</span> <span class='ocrx_word' id='word_1_36' title='bbox 534 720 596 787; x_wconf 78' lang='lat' dir='ltr'>lx.</span> <span class='ocrx_word' id='word_1_37' title='bbox 619 721 738 786; x_wconf 69' lang='lat' dir='ltr'>mensis</span> <span class='ocrx_word' id='word_1_38' title='bbox 762 720 895 786; x_wconf 67' lang='lat' dir='ltr'>sexenis</span> <span class='ocrx_word' id='word_1_39' title='bbox 919 720 1037 787; x_wconf 70' lang='lat' dir='ltr'>runaut</span> <span class='ocrx_word' id='word_1_40' title='bbox 1066 704 1188 788; x_wconf 67' lang='lat' dir='ltr'>fuisset.</span> <span class='ocrx_word' id='word_1_41' title='bbox 1235 722 1328 787; x_wconf 67' lang='lat' dir='ltr'>naec</span> 
     </span>
     <span class='ocr_line' id='line_1_6' title="bbox 151 826 1327 914; baseline -0.002 -18"><span class='ocrx_word' id='word_1_42' title='bbox 151 839 242 914; x_wconf 84' lang='lat' dir='ltr'>suut,</span> <span class='ocrx_word' id='word_1_43' title='bbox 265 850 330 895; x_wconf 33' lang='lat' dir='ltr'>our,</span> <span class='ocrx_word' id='word_1_44' title='bbox 345 826 630 895; x_wconf 77' lang='lat' dir='ltr'>intercalationem</span> <span class='ocrx_word' id='word_1_45' title='bbox 653 849 738 892; x_wconf 92' lang='lat' dir='ltr'>auno</span> <span class='ocrx_word' id='word_1_46' title='bbox 762 826 824 892; x_wconf 91' lang='lat' dir='ltr'>LV</span> <span class='ocrx_word' id='word_1_47' title='bbox 840 827 989 894; x_wconf 87' lang='lat' dir='ltr'>evenisse</span> <span class='ocrx_word' id='word_1_48' title='bbox 1005 826 1083 892; x_wconf 93' lang='lat' dir='ltr'>mihi</span> <span class='ocrx_word' id='word_1_49' title='bbox 1099 829 1327 913; x_wconf 89' lang='lat' dir='ltr'>persuaserim.</span> 
     </span>
    </p>

    <p class='ocr_par' dir='ltr' id='par_1_3' title="bbox 149 925 1328 1222">
     <span class='ocr_line' id='line_1_7' title="bbox 264 925 1327 1022; baseline -0.003 -19"><span class='ocrx_word' id='word_1_50' title='bbox 264 935 347 1003; x_wconf 89' lang='lat' dir='ltr'>Cum</span> <span class='ocrx_word' id='word_1_51' title='bbox 366 925 535 1021; x_wconf 60' lang='lat' dir='ltr'>&#39;Zumptio</span> <span class='ocrx_word' id='word_1_52' title='bbox 572 942 605 998; x_wconf 92' lang='lat' dir='ltr'>et</span> <span class='ocrx_word' id='word_1_53' title='bbox 635 932 771 1018; x_wconf 83' lang='lat' dir='ltr'>Ungcro</span> <span class='ocrx_word' id='word_1_54' title='bbox 803 931 992 999; x_wconf 90' lang='lat' dir='ltr'>Koernerus</span> <span class='ocrx_word' id='word_1_55' title='bbox 1024 956 1152 1022; x_wconf 90' lang='lat' dir='ltr'>quoque</span> <span class='ocrx_word' id='word_1_56' title='bbox 1188 941 1233 1020; x_wconf 86' lang='lat' dir='ltr'>(p.</span> <span class='ocrx_word' id='word_1_57' title='bbox 1273 936 1327 1018; x_wconf 80' lang='lat'>15)</span> 
     </span>
     <span class='ocr_line' id='line_1_8' title="bbox 149 1040 1328 1128; baseline -0.003 -16"><span class='ocrx_word' id='word_1_58' title='bbox 149 1067 242 1112; x_wconf 90' lang='lat' dir='ltr'>auno</span> <span class='ocrx_word' id='word_1_59' title='bbox 265 1042 343 1107; x_wconf 89' lang='lat' dir='ltr'>LVI</span> <span class='ocrx_word' id='word_1_60' title='bbox 366 1040 596 1107; x_wconf 80' lang='lat' dir='ltr'>intercalatum</span> <span class='ocrx_word' id='word_1_61' title='bbox 629 1063 699 1106; x_wconf 90' lang='lat' dir='ltr'>esse</span> <span class='ocrx_word' id='word_1_62' title='bbox 732 1041 889 1125; x_wconf 81' lang='lat' dir='ltr'>defendit,</span> <span class='ocrx_word' id='word_1_63' title='bbox 920 1042 980 1107; x_wconf 91' lang='lat' dir='ltr'>etsi</span> <span class='ocrx_word' id='word_1_64' title='bbox 1016 1053 1208 1128; x_wconf 86' lang='lat' dir='ltr'>argumenta</span> <span class='ocrx_word' id='word_1_65' title='bbox 1239 1064 1328 1108; x_wconf 89' lang='lat' dir='ltr'>nova</span> 
     </span>
     <span class='ocr_line' id='line_1_9' title="bbox 154 1149 388 1222; baseline -0.021 0"><span class='ocrx_word' id='word_1_66' title='bbox 154 1153 246 1222; x_wconf 89' lang='lat' dir='ltr'>nulla</span> <span class='ocrx_word' id='word_1_67' title='bbox 268 1149 388 1217; x_wconf 79' lang='lat' dir='ltr'>adfert</span> 
     </span>
    </p>

    <p class='ocr_par' dir='ltr' id='par_1_4' title="bbox 139 1255 1327 2525">
     <span class='ocr_line' id='line_1_10' title="bbox 260 1255 1327 1343; baseline -0.002 -19"><span class='ocrx_word' id='word_1_68' title='bbox 260 1260 295 1342; x_wconf 78' lang='lat'>2)</span> <span class='ocrx_word' id='word_1_69' title='bbox 319 1255 463 1324; x_wconf 86' lang='lat' dir='ltr'>Helvetii</span> <span class='ocrx_word' id='word_1_70' title='bbox 487 1279 517 1323; x_wconf 93' lang='lat' dir='ltr'>a.</span> <span class='ocrx_word' id='word_1_71' title='bbox 542 1257 574 1323; x_wconf 89' lang='lat' dir='ltr'>d.</span> <span class='ocrx_word' id='word_1_72' title='bbox 597 1257 639 1324; x_wconf 90' lang='lat' dir='ltr'>V.</span> <span class='ocrx_word' id='word_1_73' title='bbox 663 1257 739 1324; x_wconf 90' lang='lat' dir='ltr'>Kal.</span> <span class='ocrx_word' id='word_1_74' title='bbox 755 1257 837 1343; x_wconf 84' lang='lat' dir='ltr'>Apr.</span> <span class='ocrx_word' id='word_1_75' title='bbox 862 1256 912 1323; x_wconf 89' lang='lat' dir='ltr'>ad</span> <span class='ocrx_word' id='word_1_76' title='bbox 929 1257 1034 1343; x_wconf 87' lang='lat' dir='ltr'>ripam</span> <span class='ocrx_word' id='word_1_77' title='bbox 1051 1256 1201 1323; x_wconf 86' lang='lat' dir='ltr'>Rhodani</span> <span class='ocrx_word' id='word_1_78' title='bbox 1225 1279 1327 1343; x_wconf 89' lang='lat' dir='ltr'>propo</span> 
     </span>
     <span class='ocr_line' id='line_1_11' title="bbox 153 1364 1326 1450; baseline -0.003 -18"><span class='ocrx_word' id='word_1_79' title='bbox 153 1365 333 1433; x_wconf 77' lang='lat' dir='ltr'>Genavam</span> <span class='ocrx_word' id='word_1_80' title='bbox 357 1386 468 1429; x_wconf 87' lang='lat' dir='ltr'>omnes</span> <span class='ocrx_word' id='word_1_81' title='bbox 491 1364 669 1434; x_wconf 89' lang='lat' dir='ltr'>convenire</span> <span class='ocrx_word' id='word_1_82' title='bbox 693 1372 883 1450; x_wconf 85' lang='lat' dir='ltr'>statuerunt,</span> <span class='ocrx_word' id='word_1_83' title='bbox 916 1373 952 1429; x_wconf 94' lang='lat' dir='ltr'>ut</span> <span class='ocrx_word' id='word_1_84' title='bbox 982 1365 1102 1430; x_wconf 87' lang='lat' dir='ltr'>flumen</span> <span class='ocrx_word' id='word_1_85' title='bbox 1131 1365 1326 1450; x_wconf 83' lang='lat' dir='ltr'>transgressi</span> 
     </span>
     <span class='ocr_line' id='line_1_12' title="bbox 139 1470 1325 1561; baseline -0.001 -23"><span class='ocrx_word' id='word_1_86' title='bbox 139 1495 215 1561; x_wconf 87' lang='lat' dir='ltr'>-per</span> <span class='ocrx_word' id='word_1_87' title='bbox 248 1470 456 1559; x_wconf 84' lang='lat' dir='ltr'>provinciam</span> <span class='ocrx_word' id='word_1_88' title='bbox 489 1492 658 1536; x_wconf 89' lang='lat' dir='ltr'>romanam</span> <span class='ocrx_word' id='word_1_89' title='bbox 693 1471 754 1536; x_wconf 89' lang='lat' dir='ltr'>iter</span> <span class='ocrx_word' id='word_1_90' title='bbox 785 1472 931 1536; x_wconf 89' lang='lat' dir='ltr'>facerent</span> <span class='ocrx_word' id='word_1_91' title='bbox 963 1472 1072 1556; x_wconf 88' lang='lat' dir='ltr'>(Caes.</span> <span class='ocrx_word' id='word_1_92' title='bbox 1101 1471 1133 1538; x_wconf 93' lang='lat' dir='ltr'>b.</span> <span class='ocrx_word' id='word_1_93' title='bbox 1166 1494 1198 1554; x_wconf 77' lang='lat' dir='ltr'>g.</span> <span class='ocrx_word' id='word_1_94' title='bbox 1231 1472 1249 1537; x_wconf 95' lang='grc' dir='ltr'>Ι</span> <span class='ocrx_word' id='word_1_95' title='bbox 1281 1473 1325 1554; x_wconf 90' lang='grc'>6).</span> 
     </span>
     <span class='ocr_line' id='line_1_13' title="bbox 148 1576 1325 1665; baseline -0.002 -21"><span class='ocrx_word' id='word_1_96' title='bbox 148 1578 222 1644; x_wconf 74' lang='lat' dir='ltr'>Sed</span> <span class='ocrx_word' id='word_1_97' title='bbox 246 1588 322 1643; x_wconf 88' lang='lat' dir='ltr'>ante</span> <span class='ocrx_word' id='word_1_98' title='bbox 346 1577 441 1662; x_wconf 81' lang='lat' dir='ltr'>diem,</span> <span class='ocrx_word' id='word_1_99' title='bbox 473 1600 570 1665; x_wconf 91' lang='lat' dir='ltr'>quem</span> <span class='ocrx_word' id='word_1_100' title='bbox 593 1577 674 1660; x_wconf 82' lang='lat' dir='ltr'>dixi,</span> <span class='ocrx_word' id='word_1_101' title='bbox 699 1577 822 1643; x_wconf 89' lang='lat' dir='ltr'>Caesar</span> <span class='ocrx_word' id='word_1_102' title='bbox 852 1576 895 1642; x_wconf 88' lang='lat' dir='ltr'>ad</span> <span class='ocrx_word' id='word_1_103' title='bbox 918 1577 1037 1642; x_wconf 89' lang='lat' dir='ltr'>flumen</span> <span class='ocrx_word' id='word_1_104' title='bbox 1072 1579 1237 1663; x_wconf 81' lang='lat' dir='ltr'>pervenit3</span> <span class='ocrx_word' id='word_1_105' title='bbox 1262 1600 1325 1663; x_wconf 93' lang='lat' dir='ltr'>quo</span> 
     </span>
     <span class='ocr_line' id='line_1_14' title="bbox 152 1683 1327 1772; baseline -0.001 -21"><span class='ocrx_word' id='word_1_106' title='bbox 152 1686 245 1751; x_wconf 90' lang='lat' dir='ltr'>enim</span> <span class='ocrx_word' id='word_1_107' title='bbox 276 1695 418 1772; x_wconf 84' lang='lat' dir='ltr'>tempore</span> <span class='ocrx_word' id='word_1_108' title='bbox 450 1685 595 1769; x_wconf 85' lang='lat' dir='ltr'>advenit,</span> <span class='ocrx_word' id='word_1_109' title='bbox 626 1683 769 1758; x_wconf 88' lang='lat' dir='ltr'>Helvetii</span> <span class='ocrx_word' id='word_1_110' title='bbox 803 1684 947 1750; x_wconf 91' lang='lat' dir='ltr'>nondum</span> <span class='ocrx_word' id='word_1_111' title='bbox 976 1685 1096 1753; x_wconf 87' lang='lat' dir='ltr'>flumen</span> <span class='ocrx_word' id='word_1_112' title='bbox 1130 1685 1327 1750; x_wconf 83' lang='lat' dir='ltr'>transierant</span> 
     </span>
     <span class='ocr_line' id='line_1_15' title="bbox 153 1790 1326 1882; baseline 0.003 -24"><span class='ocrx_word' id='word_1_113' title='bbox 153 1795 197 1882; x_wconf 89' lang='lat' dir='ltr'>(c.</span> <span class='ocrx_word' id='word_1_114' title='bbox 213 1795 261 1878; x_wconf 80' lang='lat' dir='ltr'>l);</span> <span class='ocrx_word' id='word_1_115' title='bbox 285 1791 422 1877; x_wconf 81' lang='lat' dir='ltr'>accedit,</span> <span class='ocrx_word' id='word_1_116' title='bbox 447 1791 536 1880; x_wconf 89' lang='lat' dir='ltr'>quod</span> <span class='ocrx_word' id='word_1_117' title='bbox 559 1792 617 1855; x_wconf 88' lang='lat' dir='ltr'>vix</span> <span class='ocrx_word' id='word_1_118' title='bbox 634 1791 757 1857; x_wconf 87' lang='lat' dir='ltr'>Caesar</span> <span class='ocrx_word' id='word_1_119' title='bbox 781 1801 856 1856; x_wconf 89' lang='lat' dir='ltr'>ante</span> <span class='ocrx_word' id='word_1_120' title='bbox 880 1790 930 1857; x_wconf 93' lang='lat' dir='ltr'>Id.</span> <span class='ocrx_word' id='word_1_121' title='bbox 947 1792 1029 1877; x_wconf 87' lang='lat' dir='ltr'>Apr.</span> <span class='ocrx_word' id='word_1_122' title='bbox 1054 1797 1147 1860; x_wconf 69' lang='lat' dir='ltr'>attilio</span> <span class='ocrx_word' id='word_1_123' title='bbox 1166 1817 1326 1874; x_wconf 76' lang='lat' dir='ltr'>passuum</span> 
     </span>
     <span class='ocr_line' id='line_1_16' title="bbox 155 1898 1326 1985; baseline -0.005 -15"><span class='ocrx_word' id='word_1_124' title='bbox 155 1903 254 1970; x_wconf 89' lang='lat' dir='ltr'>XIX</span> <span class='ocrx_word' id='word_1_125' title='bbox 274 1924 403 1969; x_wconf 83' lang='lat' dir='ltr'>murum</span> <span class='ocrx_word' id='word_1_126' title='bbox 426 1904 463 1967; x_wconf 82' lang='lat' dir='ltr'>u&#39;u</span> <span class='ocrx_word' id='word_1_127' title='bbox 494 1902 699 1968; x_wconf 77' lang='lat' dir='ltr'>altitudinem</span> <span class='ocrx_word' id='word_1_128' title='bbox 725 1902 844 1981; x_wconf 78' lang='lat' dir='ltr'>pedum</span> <span class='ocrx_word' id='word_1_129' title='bbox 869 1901 964 1966; x_wconf 85' lang='lat' dir='ltr'>XVI</span> <span class='ocrx_word' id='word_1_130' title='bbox 983 1904 1025 1982; x_wconf 84' lang='lat' dir='ltr'>(c.</span> <span class='ocrx_word' id='word_1_131' title='bbox 1050 1898 1083 1981; x_wconf 87' lang='lat'>8)</span> <span class='ocrx_word' id='word_1_132' title='bbox 1115 1908 1181 1964; x_wconf 91' lang='lat' dir='ltr'>tam</span> <span class='ocrx_word' id='word_1_133' title='bbox 1214 1900 1326 1985; x_wconf 86' lang='lat' dir='ltr'>parvis</span> 
     </span>
     <span class='ocr_line' id='line_1_17' title="bbox 148 2004 1325 2095; baseline -0.003 -22"><span class='ocrx_word' id='word_1_134' title='bbox 148 2007 255 2095; x_wconf 88' lang='lat' dir='ltr'>copiis</span> <span class='ocrx_word' id='word_1_135' title='bbox 278 2005 428 2095; x_wconf 84' lang='lat' dir='ltr'>perfecit,</span> <span class='ocrx_word' id='word_1_136' title='bbox 452 2005 515 2070; x_wconf 89' lang='lat' dir='ltr'>nisi</span> <span class='ocrx_word' id='word_1_137' title='bbox 537 2027 647 2069; x_wconf 88' lang='lat' dir='ltr'>mense</span> <span class='ocrx_word' id='word_1_138' title='bbox 663 2004 781 2069; x_wconf 86' lang='lat' dir='ltr'>Martio</span> <span class='ocrx_word' id='word_1_139' title='bbox 805 2004 870 2069; x_wconf 89' lang='lat' dir='ltr'>iam</span> <span class='ocrx_word' id='word_1_140' title='bbox 894 2004 1059 2071; x_wconf 88' lang='lat' dir='ltr'>adfuisset.</span> <span class='ocrx_word' id='word_1_141' title='bbox 1090 2005 1191 2091; x_wconf 88' lang='lat' dir='ltr'>Atqui</span> <span class='ocrx_word' id='word_1_142' title='bbox 1208 2017 1325 2079; x_wconf 88' lang='lat' dir='ltr'>octavo</span> 
     </span>
     <span class='ocr_line' id='line_1_18' title="bbox 148 2109 1325 2199; baseline -0.002 -20"><span class='ocrx_word' id='word_1_143' title='bbox 148 2114 206 2179; x_wconf 91' lang='lat' dir='ltr'>die</span> <span class='ocrx_word' id='word_1_144' title='bbox 231 2122 309 2179; x_wconf 89' lang='lat' dir='ltr'>tunc</span> <span class='ocrx_word' id='word_1_145' title='bbox 330 2111 487 2199; x_wconf 88' lang='lat' dir='ltr'>temporis</span> <span class='ocrx_word' id='word_1_146' title='bbox 511 2111 635 2177; x_wconf 89' lang='lat' dir='ltr'>Caesar</span> <span class='ocrx_word' id='word_1_147' title='bbox 657 2111 762 2176; x_wconf 87' lang='lat' dir='ltr'>Roma</span> <span class='ocrx_word' id='word_1_148' title='bbox 786 2109 827 2174; x_wconf 92' lang='lat' dir='ltr'>ad</span> <span class='ocrx_word' id='word_1_149' title='bbox 844 2109 1040 2176; x_wconf 89' lang='lat' dir='ltr'>Rhodanum</span> <span class='ocrx_word' id='word_1_150' title='bbox 1062 2111 1211 2196; x_wconf 88' lang='lat' dir='ltr'>pervenit</span> <span class='ocrx_word' id='word_1_151' title='bbox 1228 2110 1325 2196; x_wconf 87' lang='lat' dir='ltr'>(Plut.</span> 
     </span>
     <span class='ocr_line' id='line_1_19' title="bbox 150 2214 1325 2308; baseline -0.003 -22"><span class='ocrx_word' id='word_1_152' title='bbox 150 2219 251 2286; x_wconf 85' lang='lat' dir='ltr'>Caes.</span> <span class='ocrx_word' id='word_1_153' title='bbox 277 2221 348 2308; x_wconf 77' lang='lat' dir='ltr'>lt)3</span> <span class='ocrx_word' id='word_1_154' title='bbox 372 2240 450 2304; x_wconf 85' lang='lat' dir='ltr'>ergo</span> <span class='ocrx_word' id='word_1_155' title='bbox 480 2227 555 2291; x_wconf 87' lang='lat' dir='ltr'>ante</span> <span class='ocrx_word' id='word_1_156' title='bbox 587 2241 617 2284; x_wconf 89' lang='lat' dir='ltr'>a.</span> <span class='ocrx_word' id='word_1_157' title='bbox 638 2217 673 2284; x_wconf 90' lang='lat' dir='ltr'>d.</span> <span class='ocrx_word' id='word_1_158' title='bbox 699 2217 795 2283; x_wconf 90' lang='lat' dir='ltr'><strong>XIII.</strong></span> <span class='ocrx_word' id='word_1_159' title='bbox 819 2217 896 2284; x_wconf 89' lang='lat' dir='ltr'>Kal.</span> <span class='ocrx_word' id='word_1_160' title='bbox 919 2217 1001 2303; x_wconf 87' lang='lat' dir='ltr'>Apr.</span> <span class='ocrx_word' id='word_1_161' title='bbox 1022 2214 1129 2282; x_wconf 70' lang='lat' dir='ltr'>⁴Roma</span> <span class='ocrx_word' id='word_1_162' title='bbox 1161 2218 1325 2303; x_wconf 88' lang='lat' dir='ltr'>profectus</span> 
     </span>
     <span class='ocr_line' id='line_1_20' title="bbox 148 2324 1324 2413; baseline -0.002 -22"><span class='ocrx_word' id='word_1_163' title='bbox 148 2336 211 2393; x_wconf 87' lang='lat' dir='ltr'>est.</span> <span class='ocrx_word' id='word_1_164' title='bbox 257 2325 371 2413; x_wconf 87' lang='lat' dir='ltr'>Neque</span> <span class='ocrx_word' id='word_1_165' title='bbox 393 2348 473 2391; x_wconf 84' lang='lat' dir='ltr'>vero</span> <span class='ocrx_word' id='word_1_166' title='bbox 497 2325 660 2411; x_wconf 89' lang='lat' dir='ltr'>profectus</span> <span class='ocrx_word' id='word_1_167' title='bbox 686 2335 734 2389; x_wconf 88' lang='lat' dir='ltr'>est</span> <span class='ocrx_word' id='word_1_168' title='bbox 758 2334 832 2389; x_wconf 92' lang='lat' dir='ltr'>ante</span> <span class='ocrx_word' id='word_1_169' title='bbox 856 2324 962 2409; x_wconf 89' lang='lat' dir='ltr'>legem</span> <span class='ocrx_word' id='word_1_170' title='bbox 986 2324 1324 2407; x_wconf 56' lang='lat' dir='ltr'>Clodianamlatanu</span> 
     </span>
     <span class='ocr_line' id='line_1_21' title="bbox 154 2431 1326 2525; baseline 0 -25"><span class='ocrx_word' id='word_1_171' title='bbox 154 2433 349 2500; x_wconf 86' lang='lat' dir='ltr'>Plutarchus</span> <span class='ocrx_word' id='word_1_172' title='bbox 372 2434 459 2498; x_wconf 87' lang='lat' dir='ltr'>enim</span> <span class='ocrx_word' id='word_1_173' title='bbox 475 2433 583 2517; x_wconf 84' lang='lat' dir='ltr'>(Caes.</span> <span class='ocrx_word' id='word_1_174' title='bbox 604 2434 657 2517; x_wconf 83' lang='grc'>14)</span> <span class='ocrx_word' id='word_1_175' title='bbox 675 2433 721 2498; x_wconf 90' lang='lat' dir='ltr'>ita</span> <span class='ocrx_word' id='word_1_176' title='bbox 736 2432 850 2499; x_wconf 85' lang='lat' dir='ltr'>habet:</span> <span class='ocrx_word' id='word_1_177' title='bbox 875 2431 911 2502; x_wconf 81' lang='lat' dir='ltr'>od</span> <span class='ocrx_word' id='word_1_178' title='bbox 927 2444 1069 2522; x_wconf 79' lang='grc' dir='ltr'>πρότερον</span> <span class='ocrx_word' id='word_1_179' title='bbox 1083 2435 1214 2525; x_wconf 74' lang='grc' dir='ltr'>ἐξῆλθεν</span> <span class='ocrx_word' id='word_1_180' title='bbox 1230 2435 1326 2519; x_wconf 82' lang='grc' dir='ltr'>(Καῖ-</span> 
     </span>
    </p>
   </div>
   <div class='ocr_carea' id='block_1_3' title="bbox 131 2543 1325 2839">
    <p class='ocr_par' dir='ltr' id='par_1_5' title="bbox 131 2543 1325 2839">
     <span class='ocr_line' id='line_1_22' title="bbox 131 2543 1324 2633; baseline -0.003 -22"><span class='ocrx_word' id='word_1_181' title='bbox 131 2544 225 2632; x_wconf 85' lang='grc' dir='ltr'>σαρ)</span> <span class='ocrx_word' id='word_1_182' title='bbox 249 2543 298 2611; x_wconf 79' lang='grc' dir='ltr'>ἐπὶ</span> <span class='ocrx_word' id='word_1_183' title='bbox 320 2549 375 2633; x_wconf 77' lang='grc' dir='ltr'>τὴν</span> <span class='ocrx_word' id='word_1_184' title='bbox 403 2548 561 2629; x_wconf 81' lang='grc' dir='ltr'><strong>στρατείαν</strong></span> <span class='ocrx_word' id='word_1_185' title='bbox 585 2543 604 2631; x_wconf 80' lang='grc' dir='ltr'>ἢ</span> <span class='ocrx_word' id='word_1_186' title='bbox 628 2549 872 2610; x_wconf 81' lang='grc' dir='ltr'>καταστασιάσαι</span> <span class='ocrx_word' id='word_1_187' title='bbox 894 2543 1056 2629; x_wconf 80' lang='grc' dir='ltr'>Κικέρωνα</span> <span class='ocrx_word' id='word_1_188' title='bbox 1081 2548 1156 2629; x_wconf 81' lang='grc' dir='ltr'>μετὰ</span> <span class='ocrx_word' id='word_1_189' title='bbox 1180 2543 1324 2609; x_wconf 75' lang='grc' dir='ltr'>Κλωδίου</span> 
     </span>
     <span class='ocr_line' id='line_1_23' title="bbox 146 2647 1324 2738; baseline -0.004 -21"><span class='ocrx_word' id='word_1_190' title='bbox 146 2655 205 2718; x_wconf 84' lang='grc' dir='ltr'>καὶ</span> <span class='ocrx_word' id='word_1_191' title='bbox 227 2652 422 2735; x_wconf 76' lang='grc' dir='ltr'>συνεκβαλεῖν</span> <span class='ocrx_word' id='word_1_192' title='bbox 445 2649 481 2715; x_wconf 86' lang='grc' dir='ltr'>ἐκ</span> <span class='ocrx_word' id='word_1_193' title='bbox 504 2661 560 2738; x_wconf 78' lang='grc' dir='ltr'>τῆς</span> <span class='ocrx_word' id='word_1_194' title='bbox 575 2648 719 2731; x_wconf 74' lang='grc' dir='ltr'>Ἰταλίας,</span> <span class='ocrx_word' id='word_1_195' title='bbox 756 2671 839 2735; x_wconf 88' lang='lat' dir='ltr'>qnae</span> <span class='ocrx_word' id='word_1_196' title='bbox 871 2647 974 2723; x_wconf 80' lang='lat' dir='ltr'>verba</span> <span class='ocrx_word' id='word_1_197' title='bbox 1005 2670 1070 2712; x_wconf 93' lang='lat' dir='ltr'>nou</span> <span class='ocrx_word' id='word_1_198' title='bbox 1102 2647 1143 2711; x_wconf 91' lang='lat' dir='ltr'>de</span> <span class='ocrx_word' id='word_1_199' title='bbox 1179 2647 1324 2712; x_wconf 86' lang='lat' dir='ltr'>discessu</span> 
     </span>
     <span class='ocr_line' id='line_1_24' title="bbox 149 2751 1325 2839; baseline -0.001 -20"><span class='ocrx_word' id='word_1_200' title='bbox 149 2753 322 2820; x_wconf 81' lang='lat' dir='ltr'>Ciceronis</span> <span class='ocrx_word' id='word_1_201' title='bbox 345 2776 389 2818; x_wconf 85' lang='lat' dir='ltr'>ex</span> <span class='ocrx_word' id='word_1_202' title='bbox 412 2751 518 2838; x_wconf 85' lang='lat' dir='ltr'>Italia,</span> <span class='ocrx_word' id='word_1_203' title='bbox 548 2753 606 2817; x_wconf 89' lang='lat' dir='ltr'>sed</span> <span class='ocrx_word' id='word_1_204' title='bbox 638 2752 680 2818; x_wconf 92' lang='lat' dir='ltr'>de</span> <span class='ocrx_word' id='word_1_205' title='bbox 711 2754 783 2837; x_wconf 84' lang='lat' dir='ltr'>lege</span> <span class='ocrx_word' id='word_1_206' title='bbox 812 2753 868 2818; x_wconf 89' lang='lat' dir='ltr'>illa</span> <span class='ocrx_word' id='word_1_207' title='bbox 891 2753 1052 2819; x_wconf 89' lang='lat' dir='ltr'>Clodiana</span> <span class='ocrx_word' id='word_1_208' title='bbox 1080 2753 1325 2839; x_wconf 87' lang='lat' dir='ltr'>interpretanda</span> 
     </span>
    </p>
   </div>
   <div class='ocr_carea' id='block_1_4' title="bbox 145 2858 1324 4015">
    <p class='ocr_par' dir='ltr' id='par_1_6' title="bbox 149 2858 1323 3050">
     <span class='ocr_line' id='line_1_25' title="bbox 150 2858 1323 2945; baseline 0.001 -20"><span class='ocrx_word' id='word_1_209' title='bbox 150 2881 225 2925; x_wconf 82' lang='lat' dir='ltr'>esse</span> <span class='ocrx_word' id='word_1_210' title='bbox 247 2868 280 2924; x_wconf 88' lang='lat' dir='ltr'>et</span> <span class='ocrx_word' id='word_1_211' title='bbox 301 2881 345 2925; x_wconf 85' lang='lat' dir='ltr'>ex</span> <span class='ocrx_word' id='word_1_212' title='bbox 362 2858 456 2926; x_wconf 85' lang='lat' dir='ltr'>Caes.</span> <span class='ocrx_word' id='word_1_213' title='bbox 481 2859 514 2927; x_wconf 93' lang='lat' dir='ltr'>b.</span> <span class='ocrx_word' id='word_1_214' title='bbox 538 2881 570 2944; x_wconf 90' lang='lat' dir='ltr'>g.</span> <span class='ocrx_word' id='word_1_215' title='bbox 595 2860 611 2924; x_wconf 97' lang='lat' dir='ltr'><strong>I</strong></span> <span class='ocrx_word' id='word_1_216' title='bbox 635 2861 721 2926; x_wconf 87' lang='grc'>6-8</span> <span class='ocrx_word' id='word_1_217' title='bbox 745 2870 777 2924; x_wconf 90' lang='lat' dir='ltr'>et</span> <span class='ocrx_word' id='word_1_218' title='bbox 801 2883 843 2925; x_wconf 88' lang='lat' dir='ltr'>ex</span> <span class='ocrx_word' id='word_1_219' title='bbox 860 2860 941 2925; x_wconf 88' lang='lat' dir='ltr'>Sest.</span> <span class='ocrx_word' id='word_1_220' title='bbox 954 2862 1008 2942; x_wconf 85' lang='lat'>41,</span> <span class='ocrx_word' id='word_1_221' title='bbox 1033 2868 1105 2945; x_wconf 94' lang='lat' dir='ltr'>post</span> <span class='ocrx_word' id='word_1_222' title='bbox 1120 2859 1189 2925; x_wconf 89' lang='lat' dir='ltr'>red.</span> <span class='ocrx_word' id='word_1_223' title='bbox 1206 2859 1240 2922; x_wconf 91' lang='lat' dir='ltr'>in</span> <span class='ocrx_word' id='word_1_224' title='bbox 1256 2883 1323 2926; x_wconf 86' lang='lat' dir='ltr'>sen.</span> 
     </span>
     <span class='ocr_line' id='line_1_26' title="bbox 149 2965 770 3050; baseline 0 -18"><span class='ocrx_word' id='word_1_225' title='bbox 149 2966 208 3050; x_wconf 74' lang='lat'>32,</span> <span class='ocrx_word' id='word_1_226' title='bbox 231 2965 339 3031; x_wconf 89' lang='lat' dir='ltr'>Dione</span> <span class='ocrx_word' id='word_1_227' title='bbox 360 2966 550 3038; x_wconf 87' lang='lat' dir='ltr'><strong>XXXVIII</strong></span> <span class='ocrx_word' id='word_1_228' title='bbox 570 2968 608 3031; x_wconf 79' lang='lat'>17</span> <span class='ocrx_word' id='word_1_229' title='bbox 634 2976 770 3032; x_wconf 88' lang='lat' dir='ltr'>constat.</span> 
     </span>
    </p>

    <p class='ocr_par' dir='ltr' id='par_1_7' title="bbox 146 3072 1324 3590">
     <span class='ocr_line' id='line_1_27' title="bbox 259 3072 1324 3160; baseline -0.001 -20"><span class='ocrx_word' id='word_1_230' title='bbox 259 3075 294 3158; x_wconf 88' lang='grc'>3)</span> <span class='ocrx_word' id='word_1_231' title='bbox 317 3073 391 3140; x_wconf 89' lang='lat' dir='ltr'>Hae</span> <span class='ocrx_word' id='word_1_232' title='bbox 425 3096 477 3139; x_wconf 92' lang='lat' dir='ltr'>res</span> <span class='ocrx_word' id='word_1_233' title='bbox 511 3074 626 3138; x_wconf 91' lang='lat' dir='ltr'>eodem</span> <span class='ocrx_word' id='word_1_234' title='bbox 661 3075 713 3139; x_wconf 92' lang='lat' dir='ltr'>die</span> <span class='ocrx_word' id='word_1_235' title='bbox 748 3074 947 3158; x_wconf 80' lang='lat' dir='ltr'>acciderunt,</span> <span class='ocrx_word' id='word_1_236' title='bbox 982 3097 1046 3160; x_wconf 90' lang='lat' dir='ltr'>quo</span> <span class='ocrx_word' id='word_1_237' title='bbox 1080 3072 1136 3138; x_wconf 88' lang='lat' dir='ltr'>lex</span> <span class='ocrx_word' id='word_1_238' title='bbox 1172 3074 1324 3140; x_wconf 77' lang='lat' dir='ltr'>Ciceroni</span> 
     </span>
     <span class='ocr_line' id='line_1_28' title="bbox 146 3178 1323 3267; baseline -0.003 -20"><span class='ocrx_word' id='word_1_239' title='bbox 146 3182 282 3249; x_wconf 86' lang='lat' dir='ltr'>funesta</span> <span class='ocrx_word' id='word_1_240' title='bbox 304 3180 372 3247; x_wconf 88' lang='lat' dir='ltr'>lata</span> <span class='ocrx_word' id='word_1_241' title='bbox 395 3190 445 3245; x_wconf 90' lang='lat' dir='ltr'>cst</span> <span class='ocrx_word' id='word_1_242' title='bbox 467 3180 564 3267; x_wconf 85' lang='lat' dir='ltr'>(Sest.</span> <span class='ocrx_word' id='word_1_243' title='bbox 588 3181 662 3264; x_wconf 84' lang='lat'><strong>53);</strong></span> <span class='ocrx_word' id='word_1_244' title='bbox 698 3202 770 3244; x_wconf 87' lang='lat' dir='ltr'>eam</span> <span class='ocrx_word' id='word_1_245' title='bbox 794 3202 871 3244; x_wconf 88' lang='lat' dir='ltr'>vero</span> <span class='ocrx_word' id='word_1_246' title='bbox 895 3180 1001 3264; x_wconf 84' lang='lat' dir='ltr'>legem</span> <span class='ocrx_word' id='word_1_247' title='bbox 1032 3179 1094 3244; x_wconf 88' lang='lat' dir='ltr'>hoe</span> <span class='ocrx_word' id='word_1_248' title='bbox 1123 3178 1194 3244; x_wconf 92' lang='lat' dir='ltr'>loco</span> <span class='ocrx_word' id='word_1_249' title='bbox 1223 3181 1323 3265; x_wconf 85' lang='lat' dir='ltr'>signi-</span> 
     </span>
     <span class='ocr_line' id='line_1_29' title="bbox 146 3287 1320 3375; baseline 0.001 -23"><span class='ocrx_word' id='word_1_250' title='bbox 146 3289 253 3372; x_wconf 82' lang='lat' dir='ltr'>ficari,</span> <span class='ocrx_word' id='word_1_251' title='bbox 276 3310 375 3375; x_wconf 89' lang='lat' dir='ltr'>quarn</span> <span class='ocrx_word' id='word_1_252' title='bbox 397 3288 479 3375; x_wconf 86' lang='lat' dir='ltr'>dixi,</span> <span class='ocrx_word' id='word_1_253' title='bbox 503 3310 568 3352; x_wconf 92' lang='lat' dir='ltr'>non</span> <span class='ocrx_word' id='word_1_254' title='bbox 593 3311 674 3371; x_wconf 87' lang='lat' dir='ltr'>eam,</span> <span class='ocrx_word' id='word_1_255' title='bbox 701 3310 785 3373; x_wconf 91' lang='lat' dir='ltr'>quac</span> <span class='ocrx_word' id='word_1_256' title='bbox 809 3297 923 3374; x_wconf 86' lang='lat' dir='ltr'>postca</span> <span class='ocrx_word' id='word_1_257' title='bbox 946 3288 1136 3352; x_wconf 89' lang='lat' dir='ltr'>nominatim</span> <span class='ocrx_word' id='word_1_258' title='bbox 1151 3287 1202 3362; x_wconf 68' lang='lat' dir='ltr'>„de</span> <span class='ocrx_word' id='word_1_259' title='bbox 1227 3287 1320 3353; x_wconf 90' lang='lat' dir='ltr'>Cice-</span> 
     </span>
     <span class='ocr_line' id='line_1_30' title="bbox 150 3392 1323 3480; baseline 0.001 -21"><span class='ocrx_word' id='word_1_260' title='bbox 150 3414 232 3459; x_wconf 88' lang='lat' dir='ltr'>rone</span> <span class='ocrx_word' id='word_1_261' title='bbox 261 3392 419 3459; x_wconf 87' lang='lat' dir='ltr'>aClodio</span> <span class='ocrx_word' id='word_1_262' title='bbox 451 3404 568 3480; x_wconf 84' lang='lat' dir='ltr'>rogata</span> <span class='ocrx_word' id='word_1_263' title='bbox 603 3405 660 3478; x_wconf 77' lang='lat' dir='ltr'>est,</span> <span class='ocrx_word' id='word_1_264' title='bbox 694 3418 737 3459; x_wconf 89' lang='lat' dir='ltr'>ex</span> <span class='ocrx_word' id='word_1_265' title='bbox 770 3396 915 3460; x_wconf 90' lang='lat' dir='ltr'>oratione</span> <span class='ocrx_word' id='word_1_266' title='bbox 948 3395 989 3460; x_wconf 92' lang='lat' dir='ltr'>dc</span> <span class='ocrx_word' id='word_1_267' title='bbox 1026 3395 1111 3460; x_wconf 90' lang='lat' dir='ltr'>dom.</span> <span class='ocrx_word' id='word_1_268' title='bbox 1135 3397 1178 3460; x_wconf 76' lang='lat'>62</span> <span class='ocrx_word' id='word_1_269' title='bbox 1214 3405 1323 3480; x_wconf 78' lang='lat' dir='ltr'>patet3</span> 
     </span>
     <span class='ocr_line' id='line_1_31' title="bbox 149 3497 1008 3590; baseline 0.007 -25"><span class='ocrx_word' id='word_1_270' title='bbox 149 3497 368 3583; x_wconf 81' lang='lat' dir='ltr'>corrigendus</span> <span class='ocrx_word' id='word_1_271' title='bbox 390 3500 489 3585; x_wconf 80' lang='lat' dir='ltr'>igitur</span> <span class='ocrx_word' id='word_1_272' title='bbox 512 3512 560 3568; x_wconf 87' lang='lat' dir='ltr'>est</span> <span class='ocrx_word' id='word_1_273' title='bbox 583 3502 795 3568; x_wconf 88' lang='lat' dir='ltr'>Drumannns</span> <span class='ocrx_word' id='word_1_274' title='bbox 819 3502 854 3566; x_wconf 94' lang='grc' dir='ltr'>ΙΙ</span> <span class='ocrx_word' id='word_1_275' title='bbox 877 3526 908 3590; x_wconf 93' lang='lat' dir='ltr'>p.</span> <span class='ocrx_word' id='word_1_276' title='bbox 934 3504 1008 3572; x_wconf 76' lang='lat'>257.</span> 
     </span>
    </p>

    <p class='ocr_par' dir='ltr' id='par_1_8' title="bbox 145 3605 1324 4015">
     <span class='ocr_line' id='line_1_32' title="bbox 257 3605 1323 3692; baseline 0.004 -20"><span class='ocrx_word' id='word_1_277' title='bbox 257 3608 293 3692; x_wconf 87' lang='lat'>4)</span> <span class='ocrx_word' id='word_1_278' title='bbox 318 3605 438 3674; x_wconf 88' lang='lat' dir='ltr'>Confer</span> <span class='ocrx_word' id='word_1_279' title='bbox 459 3611 600 3675; x_wconf 90' lang='lat' dir='ltr'>Dionem</span> <span class='ocrx_word' id='word_1_280' title='bbox 623 3610 811 3674; x_wconf 84' lang='lat' dir='ltr'><strong>XXXVIII</strong></span> <span class='ocrx_word' id='word_1_281' title='bbox 830 3612 880 3677; x_wconf 80' lang='lat' dir='ltr'>ll.</span> <span class='ocrx_word' id='word_1_282' title='bbox 906 3610 1030 3675; x_wconf 86' lang='lat' dir='ltr'>Eodem</span> <span class='ocrx_word' id='word_1_283' title='bbox 1054 3609 1106 3673; x_wconf 90' lang='lat' dir='ltr'>dic</span> <span class='ocrx_word' id='word_1_284' title='bbox 1131 3609 1323 3676; x_wconf 87' lang='lat' dir='ltr'>Ciceronem</span> 
     </span>
     <span class='ocr_line' id='line_1_33' title="bbox 147 3713 1321 3804; baseline 0.002 -23"><span class='ocrx_word' id='word_1_285' title='bbox 147 3715 255 3782; x_wconf 79' lang='lat' dir='ltr'>Roma</span> <span class='ocrx_word' id='word_1_286' title='bbox 289 3713 476 3782; x_wconf 71' lang='lat' dir='ltr'>dIscessisse</span> <span class='ocrx_word' id='word_1_287' title='bbox 508 3725 604 3804; x_wconf 92' lang='lat' dir='ltr'>atque</span> <span class='ocrx_word' id='word_1_288' title='bbox 635 3717 741 3801; x_wconf 84' lang='lat' dir='ltr'>legem</span> <span class='ocrx_word' id='word_1_289' title='bbox 774 3740 794 3782; x_wconf 87' lang='lat' dir='ltr'>a</span> <span class='ocrx_word' id='word_1_290' title='bbox 822 3716 936 3783; x_wconf 89' lang='lat' dir='ltr'>Clodio</span> <span class='ocrx_word' id='word_1_291' title='bbox 969 3717 1068 3782; x_wconf 87' lang='lat' dir='ltr'>latam</span> <span class='ocrx_word' id='word_1_292' title='bbox 1096 3739 1167 3782; x_wconf 90' lang='lat' dir='ltr'>esse</span> <span class='ocrx_word' id='word_1_293' title='bbox 1191 3716 1321 3804; x_wconf 84' lang='lat' dir='ltr'>collegit</span> 
     </span>
     <span class='ocr_line' id='line_1_34' title="bbox 145 3821 1319 3911; baseline 0.002 -23"><span class='ocrx_word' id='word_1_294' title='bbox 145 3821 366 3889; x_wconf 87' lang='lat' dir='ltr'>Hoffmaunns</span> <span class='ocrx_word' id='word_1_295' title='bbox 382 3823 510 3910; x_wconf 90' lang='lat' dir='ltr'>(Philol.</span> <span class='ocrx_word' id='word_1_296' title='bbox 534 3824 622 3889; x_wconf 91' lang='lat' dir='ltr'><strong>XIII</strong></span> <span class='ocrx_word' id='word_1_297' title='bbox 645 3847 676 3910; x_wconf 95' lang='lat' dir='ltr'>p.</span> <span class='ocrx_word' id='word_1_298' title='bbox 702 3826 780 3908; x_wconf 84' lang='grc'>646)</span> <span class='ocrx_word' id='word_1_299' title='bbox 804 3847 847 3889; x_wconf 88' lang='lat' dir='ltr'>ex</span> <span class='ocrx_word' id='word_1_300' title='bbox 863 3824 944 3890; x_wconf 85' lang='lat' dir='ltr'>Sest.</span> <span class='ocrx_word' id='word_1_301' title='bbox 961 3825 1004 3889; x_wconf 81' lang='lat'>53</span> <span class='ocrx_word' id='word_1_302' title='bbox 1021 3846 1158 3911; x_wconf 91' lang='lat' dir='ltr'>eumque</span> <span class='ocrx_word' id='word_1_303' title='bbox 1174 3827 1319 3911; x_wconf 86' lang='lat' dir='ltr'>sequitur</span> 
     </span>
     <span class='ocr_line' id='line_1_35' title="bbox 148 3927 1324 4015; baseline 0.005 -23"><span class='ocrx_word' id='word_1_304' title='bbox 148 3927 299 3996; x_wconf 87' lang='lat' dir='ltr'>Halmius</span> <span class='ocrx_word' id='word_1_305' title='bbox 322 3929 356 3995; x_wconf 93' lang='lat' dir='ltr'>in</span> <span class='ocrx_word' id='word_1_306' title='bbox 379 3930 618 3996; x_wconf 90' lang='lat' dir='ltr'>introductione</span> <span class='ocrx_word' id='word_1_307' title='bbox 634 3931 784 3996; x_wconf 89' lang='lat' dir='ltr'>editionis</span> <span class='ocrx_word' id='word_1_308' title='bbox 801 3931 969 3996; x_wconf 86' lang='lat' dir='ltr'>Sestianae</span> <span class='ocrx_word' id='word_1_309' title='bbox 985 3931 1237 4015; x_wconf 72' lang='lat' dir='ltr'>Berolinensis§</span> <span class='ocrx_word' id='word_1_310' title='bbox 1256 3934 1324 4000; x_wconf 77' lang='lat' dir='ltr'>ll.⁵</span> 
     </span>
    </p>
   </div>
   <div class='ocr_carea' id='block_1_5' title="bbox 146 4036 1438 4133">
    <p class='ocr_par' dir='ltr' id='par_1_9' title="bbox 146 4036 1438 4133">
     <span class='ocr_line' id='line_1_36' title="bbox 146 4036 1438 4133; baseline 0 -28"><span class='ocrx_word' id='word_1_311' title='bbox 146 4036 217 4105; x_wconf 80' lang='lat' dir='ltr'>Sed</span> <span class='ocrx_word' id='word_1_312' title='bbox 239 4059 291 4103; x_wconf 87' lang='lat' dir='ltr'>res</span> <span class='ocrx_word' id='word_1_313' title='bbox 315 4037 349 4102; x_wconf 92' lang='lat' dir='ltr'>in</span> <span class='ocrx_word' id='word_1_314' title='bbox 373 4037 472 4103; x_wconf 92' lang='lat' dir='ltr'>dnbio</span> <span class='ocrx_word' id='word_1_315' title='bbox 496 4047 663 4121; x_wconf 61' lang='lat' dir='ltr'>versatum</span> <span class='ocrx_word' id='word_1_316' title='bbox 688 4061 828 4125; x_wconf 90' lang='lat' dir='ltr'>namque</span> <span class='ocrx_word' id='word_1_317' title='bbox 852 4038 886 4102; x_wconf 91' lang='lat' dir='ltr'>id</span> <span class='ocrx_word' id='word_1_318' title='bbox 910 4038 1014 4123; x_wconf 85' lang='lat' dir='ltr'>solum</span> <span class='ocrx_word' id='word_1_319' title='bbox 1031 4038 1146 4104; x_wconf 90' lang='lat' dir='ltr'>Cicero</span> <span class='ocrx_word' id='word_1_320' title='bbox 1170 4039 1241 4104; x_wconf 89' lang='lat' dir='ltr'>loco</span> <span class='ocrx_word' id='word_1_321' title='bbox 1265 4039 1320 4105; x_wconf 90' lang='lat' dir='ltr'>illo</span> <span class='ocrx_word' id='word_1_322' title='bbox 1433 4118 1438 4133; x_wconf 29' lang='grc' dir='ltr'>ι</span> 
     </span>
    </p>
   </div>
   <div class='ocr_carea' id='block_1_6' title="bbox 147 4143 1321 4232">
    <p class='ocr_par' dir='ltr' id='par_1_10' title="bbox 147 4143 1321 4232">
     <span class='ocr_line' id='line_1_37' title="bbox 147 4143 1321 4232; baseline 0.004 -23"><span class='ocrx_word' id='word_1_323' title='bbox 147 4143 321 4214; x_wconf 86' lang='lat' dir='ltr'>declarare</span> <span class='ocrx_word' id='word_1_324' title='bbox 344 4143 423 4208; x_wconf 88' lang='lat' dir='ltr'>mihi</span> <span class='ocrx_word' id='word_1_325' title='bbox 446 4144 588 4228; x_wconf 72' lang='lat' dir='ltr'>videtur,</span> <span class='ocrx_word' id='word_1_326' title='bbox 623 4145 738 4210; x_wconf 90' lang='lat' dir='ltr'>eodem</span> <span class='ocrx_word' id='word_1_327' title='bbox 770 4146 832 4229; x_wconf 81' lang='lat' dir='ltr'>die,</span> <span class='ocrx_word' id='word_1_328' title='bbox 868 4150 962 4214; x_wconf 76' lang='lat' dir='ltr'>tuturo</span> <span class='ocrx_word' id='word_1_329' title='bbox 992 4150 1070 4215; x_wconf 80' lang='lat' dir='ltr'>horu</span> <span class='ocrx_word' id='word_1_330' title='bbox 1103 4156 1194 4232; x_wconf 85' lang='lat' dir='ltr'>atquc</span> <span class='ocrx_word' id='word_1_331' title='bbox 1226 4153 1321 4215; x_wconf 79' lang='lat' dir='ltr'>etu&#39;utu</span> 
     </span>
    </p>
   </div>
   <div class='ocr_carea' id='block_1_7' title="bbox 144 4250 1322 4410">
    <p class='ocr_par' dir='ltr' id='par_1_11' title="bbox 144 4250 1322 4410">
     <span class='ocr_line' id='line_1_38' title="bbox 144 4250 1322 4338; baseline -0.001 -20"><span class='ocrx_word' id='word_1_332' title='bbox 144 4259 264 4333; x_wconf 76' lang='lat' dir='ltr'>puncto</span> <span class='ocrx_word' id='word_1_333' title='bbox 287 4256 447 4336; x_wconf 66' lang='lat' dir='ltr'>teutpert&#39;a</span> <span class='ocrx_word' id='word_1_334' title='bbox 472 4250 535 4315; x_wconf 91' lang='lat' dir='ltr'>sibi</span> <span class='ocrx_word' id='word_1_335' title='bbox 561 4252 748 4338; x_wconf 82' lang='lat' dir='ltr'>perniciem,</span> <span class='ocrx_word' id='word_1_336' title='bbox 773 4251 963 4338; x_wconf 88' lang='lat' dir='ltr'>provincias</span> <span class='ocrx_word' id='word_1_337' title='bbox 987 4250 1173 4318; x_wconf 88' lang='lat' dir='ltr'>consulibus</span> <span class='ocrx_word' id='word_1_338' title='bbox 1188 4261 1322 4337; x_wconf 86' lang='lat' dir='ltr'>rogatas</span> 
     </span>
     <span class='ocr_line' id='line_1_39' title="bbox 1164 4372 1176 4410; baseline 0 0"><span class='ocrx_word' id='word_1_339' title='bbox 1164 4372 1176 4410; x_wconf 82' lang='lat'><em>2</em></span> 
     </span>
    </p>
   </div>
   <div class='ocr_carea' id='block_1_8' title="bbox 0 0 1482 4748">
    <p class='ocr_par' dir='ltr' id='par_1_12' title="bbox 0 0 1482 4748">
     <span class='ocr_line' id='line_1_40' title="bbox 0 0 1482 4748; baseline 0 1"><span class='ocrx_word' id='word_1_340' title='bbox 0 0 1482 4748; x_wconf 95' lang='lat' dir='ltr'> </span> 
     </span>
    </p>
   </div>
  </div>
 </body>
</html>
