2954 4748
710 208 754 272 54

255 389 310 470 82)
337 388 420 452 Vide
444 388 648 452 Koernernm
673 391 717 469 (p.
742 387 810 468 42).

255 497 308 583 83)
337 495 422 560 Illud
458 497 538 577 'rne',
573 492 660 579 quod
694 493 845 556 Baiterus
881 501 913 556 et
944 491 1207 575 Wesenbergius
1245 500 1329 554 ante

147 609 343 672 delectarunt
375 601 610 687 suppleverunt
648 606 681 683 (ξ
714 602 729 663 1
762 604 870 686 extr),
907 622 971 663 non
1008 598 1216 678 desideratur
1261 598 1325 662 cfr.

147 712 216 777 Aa.
247 710 295 774 IV
329 711 378 792 16,
414 713 440 792 1,
474 708 530 773 nbi
562 719 699 792 uterque
731 716 805 771 ante
837 704 998 775 delectauit
1022 706 1108 770 idem
1144 707 1215 769 ‘me'
1247 727 1325 769 cum

149 818 261 882 codice
296 817 420 897 omisit3
456 815 476 881 1.
508 814 528 880 1.
556 815 606 896 18,
631 816 661 897 2,
686 813 742 878 ubi
766 814 916 878 Baiterus
949 813 1326 896 ί1111111111,11111111]-

147 926 282 1007 bergius
307 935 420 988 contra
453 922 574 987 codicis
606 920 703 984 tidem
739 921 884 1002 addidit,
909 920 972 1002 Qu.
997 921 1115 986 fram
1147 924 1175 1004 1,
1200 923 1232 1003 5,
1257 943 1326 1006 quo

148 1033 218 1097 loco
244 1032 331 1095 idem
364 1029 501 1093 verbum
526 1027 711 1093 delectandi
735 1029 873 1114 obiecto,
898 1028 985 1115 quod
1010 1028 1138 1110 dicitur,
1163 1037 1264 1092 caret.

256 1139 310 1221 84)
334 1138 396 1222 Ep.
421 1136 606 1221 conscripta
630 1145 687 1219 est,
717 1136 908 1221 priusquam
933 1135 1015 1200 Cato
1041 1133 1218 1218 absolutus,
1242 1134 1326 1199 Pro-

149 1247 241 1312 cilius
265 1225 501 1310 condemnatus
525 1253 573 1307 111
595 1243 627 1330 (ᾗ
651 1243 700 1332 5)3
723 1242 784 1307 hae
802 1264 948 1308 verores
965 1252 1146 1308 evenerunt
1164 1263 1195 1306 a.
1213 1240 1245 1308 d.
1261 1241 1327 1306 IV.

148 1354 231 1418 Non.
256 1352 387 1434 Quinct.
413 1351 485 1435 (cfr.
509 1351 575 1416 Aa.
592 1349 640 1413 lV
666 1350 716 1432 15,
741 1351 772 1433 4,
797 1349 854 1414 ubi
870 1349 993 1414 codicis
1018 1348 1211 1416 lectionem:
1237 1375 1266 1418 a.
1291 1351 1327 1416 d.

150 1463 224 1528 ΙΙΙ.
249 1462 335 1526 Nou.
359 1458 407 1522 ita
431 1456 672 1521 emendandam
695 1479 782 1522 esse:
807 1483 837 1525 a.
862 1460 892 1524 d.
918 1459 980 1525 IV.
1008 1460 1093 1523 Nou.
1118 1479 1161 1520 ex
1177 1456 1322 1521 Asconio

150 1571 196 1652 [p.
224 1567 263 1631 16
288 1574 321 1629 11
347 1565 386 1629 11
411 1563 545 1650 K.-S.]
570 1563 757 1628 Koernerus
788 1566 831 1650 [p.
855 1565 900 1627 44
923 1574 954 1627 et
978 1565 1034 1650 45]
1057 1564 1183 1648 primus
1212 1563 1327 1643 vidit).

150 1673 226 1758 Sed,
261 1672 310 1736 nti
340 1682 449 1737 monet
479 1670 566 1735 idem
599 1669 797 1753 Koernerns,
831 1693 905 1735 cum
936 1681 1083 1756 tempore
1117 1670 1172 1735 illo
1207 1681 1325 1757 aperte

149 1789 285 1867 pugnat,
310 1777 397 1865 qnod
422 1778 500 1861 eius,
526 1776 566 1841 de
590 1799 655 1862 qua
679 1777 787 1861 agitur
810 1800 871 1862 ep,
895 1778 929 1841 in
954 1784 974 1861 ξ
998 1777 1077 1842 ode
1094 1777 1221 1843 Scauro
1246 1799 1323 1843 nar-

149 1898 257 1969 ratur3
289 1885 336 1950 ibi
367 1885 452 1949 euim
485 1884 531 1949 ita
560 1895 624 1952 est:
662 1887 820 1952 Scaurum
852 1887 1007 1953 Triarius
1038 1909 1128 1952 reuru
1159 1888 1253 1968 facit,
1286 1884 1324 1948 id

139 1993 237 2081 quod
259 1994 383 2058 factum
409 2003 479 2056 esse
494 2001 567 2077 post
583 1990 669 2053 diem
692 1988 782 2055 illum
799 1993 842 2076 (a.
867 1991 898 2058 d.
915 1990 973 2056 IV.
990 1991 1088 2078 Non.)
1113 1991 1320 2056 disertissime

150 2101 311 2166 Asconius
335 2099 367 2186 (l.
391 2098 425 2186 l.)
449 2099 545 2163 docet
567 2099 613 2163 ita
622 2089 634 2163 :¹
656 2102 799 2167 Scaurus
823 2125 844 2167 a
869 2102 908 2166 P.
933 2102 967 2166 V.
987 2102 1119 2167 Triario
1138 2102 1322 2183 postulatus

150 2219 196 2277 est
219 2229 272 2287 ·-·‚
297 2216 332 2275 11
360 2211 397 2274 111
422 2212 513 2275 'actis
542 2211 697 2289 scriptura
725 2215 778 2286 est,
807 2209 907 2290 prid:
929 2208 1048 2274 Nouus
1082 2210 1217 2291 Quiuct,
1248 2215 1326 2292 post

151 2320 235 2384 dieru
266 2319 393 2384 tertiuru
423 2338 519 2398 quara
545 2314 623 2381 Cato
654 2325 724 2383 erat
754 2318 922 2382 absolutae.
970 2304 1065 2394 Quae
1100 2314 1329 2400 discrepantia

151 2420 311 2508 quomodo
336 2418 480 2484 tollenda
504 2420 553 2504 sit,
582 2419 648 2483 iam
670 2421 847 2506 quaeritur.
894 2422 945 2486 Ae
969 2420 1159 2487 Koernerus
1188 2421 1325 2508 quidem

152 2527 339 2613 Ascanium,
370 2524 446 2590 11111
478 2536 554 2590 acta
587 2548 621 2590 se
652 2528 833 2613 inspexisse
862 2538 981 2614 aperte.
1003 2529 1157 2613 fateatur,
1186 2528 1324 2612 spernit,

152 2658 226 2700 eum
248 2655 308 2719 per
324 2654 466 2698 errorem
482 2655 556 2697 enm
565 2637 677 2717 pridie
693 2637 811 2703 Nouae
826 2635 996 2721 scripsisse
1011 2636 1116 2720 fingat
1131 2657 1188 2722 pro
1203 2632 1326 2719 ‘pridie

151 2740 342 2807 Kalendas’.
390 2741 435 2804 At
458 2739 540 2804 haec
566 2763 618 2804 res
642 2740 818 2805 admodum
841 2751 889 2806 est
913 2742 1043 2826 odiosa3
1078 2740 1210 2808 Asconii
1233 2740 1328 2804 enim

151 2849 233 2913 fides
257 2869 330 2911 eum
354 2846 475 2932 passim
498 2847 638 2933 probata
667 2857 736 2912 tum
766 2847 828 2913 hoc
859 2847 941 2933 loeo,
974 2849 1031 2913 ubi
1061 2850 1113 2914 bis
1145 2849 1231 2914 diem
1263 2848 1330 2912 cir—

153 2953 341 3020 cumscribit
358 2963 389 3017 et
404 2953 486 3018 actis
502 2976 536 3017 se
552 2977 646 3018 usum
669 2977 740 3020 esse
763 2955 910 3041 adponit,
934 2956 1033 3042 plane
1055 2956 1242 3021 firmissima
1266 2963 1331 3020 111.

153 3062 265 3144 Quare
288 3082 363 3125 mea
385 3060 547 3126 sententia
570 3072 619 3126 est
641 3061 731 3126 illam
755 3069 775 3146 ξ
798 3065 829 3146 6,
854 3063 988 3149 quaein
1005 3062 1118 3129 codice
1135 3062 1326 3150 nonbuius,

153 3168 194 3233 de
218 3190 284 3255 qua
308 3167 416 3252 agitur
440 3190 491 3253 ep.
517 3170 568 3256 16,
592 3169 649 3233 sed
673 3168 830 3255 epistulae
856 3172 895 3236 ll
920 3192 998 3255 pars
1022 3180 1082 3255 est,
1105 3189 1282 3256 perperam
1305 3191 1333 3236 a,

95 3318 99 3325 ,
152 3277 352 3340 Mommseno
376 3286 409 3339 11
438 3274 493 3360 qni
524 3297 598 3340 eum
624 3277 728 3341 secuti
759 3287 834 3341 sunt
867 3277 1056 3362 editoribus,
1089 3277 1248 3364 epistulae
1285 3278 1331 3343 16

153 3384 309 3448 insertam
332 3404 411 3449 esse.
456 3381 596 3447 Videtur
619 3383 721 3467 igitur
749 3384 832 3449 haee
856 3387 873 3470 ᾗ
898 3385 926 3467 6Ι
942 3407 1019 3470 pars
1051 3406 1122 3450 esse
1153 3384 1331 3471 epistulae,

155 3512 239 3577 quae
262 3489 392 3577 interiit,
417 3510 516 3575 quam
532 3488 647 3554 Cicero
670 3490 756 3555 inter
779 3513 828 3577 ep.
855 3492 895 3557 16
920 3503 951 3556 11
974 3515 1024 3576 ep.
1051 3493 1092 3558 15
1116 3491 1323 3577 conscripsit,

153 3597 253 3683 idque
282 3595 359 3659 inde
391 3596 428 3660 fit
459 3594 672 3682 probabilius,
706 3597 793 3684 quod
821 3597 956 3664 ultimae
983 3597 1059 3664 libri
1087 3597 1146 3664 IV.
1179 3598 1222 3663 ad
1251 3599 1329 3665 Art„

112 3706 114 3709 ’
155 3702 316 3789 epistulae
338 3702 373 3766 in
401 3701 514 3768 codice
536 3702 685 3768 Mediceo
713 3704 812 3774 valde
841 3704 1052 3792 perturbatae
1082 3715 1182 3792 atque
1213 3705 1331 3792 etiam,

154 3811 201 3876 uti
231 3809 321 3874 initio
349 3809 512 3895 epistulae
544 3811 584 3878 18
615 3811 835 3898 conspicitur,
854 3811 1022 3878 mutilatae
1057 3811 1102 3878 ad
1133 3833 1192 3876 nos
1220 3832 1334 3898 usque

154 3925 328 3982 venerunt.
397 3972 401 3977 .
776 3995 779 4002 ,
1279 3946 1280 3949 ¹

262 4023 318 4107 85)
341 4023 434 4089 Haeo
457 4047 509 4111 ep.
533 4025 610 4112 quin
635 4025 749 4090 eodem
771 4026 839 4091 fere
864 4025 916 4091 die
940 4035 1038 4113 atque
1058 4048 1108 4112 ep.
1133 4022 1334 4091 1111111

157 4128 198 4197 15
222 4131 409 4217 conscripta
432 4132 484 4221 sit,
508 4155 573 4198 non
598 4132 774 4217 dubitabis,
804 4133 841 4218 si,
876 4156 960 4220 quae
983 4133 1017 4197 in
1040 4132 1127 4198 illins
1151 4135 1170 4220 ᾗ
1192 4132 1214 4196 4
1237 4138 1269 4196 11
1293 4129 1333 4194 in

155 4238 250 4304 huius
274 4240 293 4325 ᾗ
318 4239 336 4304 1
361 4237 476 4304 Cicero
507 4240 656 4305 narravit
683 4240 767 4304 inter
797 4262 832 4304 se
861 4239 1034 4326 simillima,
1070 4235 1331 4326 comparaveris.
