2954 4748
214 1269 635 1374 sunrunrmu
675 1221 1218 1368 couraouuasaa

241 1587 271 1671 1)
296 1585 419 1651 Contra
448 1583 684 1648 Mommsenum
717 1581 771 1665 (de
799 1578 913 1663 colleg.
940 1588 971 1642 et
994 1578 1158 1643 sodaliciis
1182 1600 1213 1663 p.
1246 1577 1307 1660 65)

129 1702 162 1758 01
178 1692 342 1756 Halmium
367 1695 425 1779 (or.
450 1714 498 1777 pr.
518 1689 596 1754 Sull.
623 1687 708 1754 1818
732 1711 764 1774 p.
791 1688 853 1752 135
866 1689 890 1773 3)
914 1685 1040 1751 iudices
1064 1684 1211 1749 editicios
1229 1692 1307 1748 ante

129 1799 236 1883 legem
259 1799 422 1864 Liciniam
445 1800 543 1884 (anno
567 1799 623 1883 ὁὸ)
649 1795 810 1860 exstitisse
834 1793 940 1858 nullos
964 1793 1083 1858 iudico.

237 1937 270 2014 2)
293 1934 387 1999 Idem
411 1933 630 1996 Mommsenus
655 1952 729 1995 oum
753 1940 827 1994 ante
851 1929 958 2013 legem
980 1928 1098 1992 Iuliam
1122 1950 1207 1992 anno
1223 1927 1306 1992 LIX

129 2041 230 2106 latam
253 2038 440 2125 proconsuli
462 2037 515 2102 vel
538 2037 742 2124 propraetori
766 2060 808 2101 ex
832 2036 1004 2123 provincia
1026 2035 1140 2100 reduci
1163 2036 1309 2101 rationes

130 2146 317 2212 reddendas
338 2145 461 2209 Romae
483 2144 583 2209 fuisse
612 2153 711 2229 negat
726 2144 851 2229 (Herm.
876 2143 892 2206 I
918 2145 1005 2230 110),
1030 2165 1139 2207 011010
1163 2142 1307 2209 videtur..

238 2281 271 2366 3)
297 2278 513 2344 Scholiastam
528 2278 725 2344 Bobicnsem
736 2277 903 2343 Ciceronis
914 2277 1125 2343 christianum
1140 2277 1303 2343 hominem
1339 2296 1340 2299 ’

130 2389 231 2452 fuisse
255 2385 413 2452 Teuffelio
437 2386 513 2487 (Lit.
532 2385 651 2454 Gesoh.
667 2410 700 2472 p.
717 2387 792 2470 295,
816 2389 872 2473 4⁴)
898 2399 929 2449 01
946 2384 1129 2451 Gaumitzio
1153 2386 1216 2474 (Zu
1239 2386 1303 2452 den

131 2495 215 2560 Bob.
240 2493 511 2579 Ciceroscholien,
535 2493 687 2559 Dresdae
711 2494 821 2582 [1884]
847 2517 879 2580 p.
907 2495 961 2580 13)
985 2516 1049 2558 101
1074 2492 1229 2561 concedo,

238 2633 273 2718 4)
296 2630 450 2695 Inmerito
465 2629 622 2695 Gloedius
635 2628 759 2716 (Ueber
775 2628 828 2693 die
844 2628 918 2693 hist.
937 2627 1151 2694 Glaubwitrd.
1165 2628 1309 2694 Caesare

132 2746 193 2801 010.
218 2758 250 2821 p.
275 2738 330 2823 31)
355 2736 532 2803 Caesarem
555 2735 645 2820 illud,
678 2759 712 2801 se
735 2735 900 2803 Massiliae
932 2736 1039 2821 legem
1069 2734 1110 2800 de
1145 2735 1304 2801 dictatore
1436 2761 1439 2764 ⁴

131 2843 231 2907 latam
256 2841 430 2928 audivisse,
454 2842 542 2906 mala
565 2842 740 2907 tradidisse
763 2842 829 2906 fide
853 2843 898 2930 (b.
923 2866 951 2909 0.
975 2843 1020 2927 11,
1045 2844 1101 2929 21)
1125 2841 1304 2909 contendit.

241 2975 275 3062 5)
299 2976 338 3039 11
353 2972 499 3040 Platonis
516 2974 651 3064 Cratylo
676 2976 779 3041 verba
802 2978 881 3057 (392
898 2976 949 3057 dl:
974 2987 1000 3044 τί
1024 2981 1062 3067 δή
1086 2985 1171 3054 cora
1196 2975 1231 3045 ob
1246 2983 1309 3064 γάρ

132 3109 179 3150 co
196 3089 281 3172 -μὰ
304 3082 350 3149 Δί’
367 3080 424 3150 oba
447 3085 540 3167 ἔγωγε
564 3081 772 3148 Hermannus
796 3092 829 3147 et
847 3082 1026 3151 Schanzius
1049 3083 1083 3146 in
1107 3082 1309 3149 editionibus

133 3213 251 3275 parum
275 3200 371 3255 caute
395 3212 413 3253 0
435 3188 507 3254 1000
530 3211 588 3254 suo
612 3199 794 3257 moverunt.
1301 3197 1303 3201 ’

240 3326 273 3411 6)
296 3323 426 3389 ibidem
460 3322 548 3387 idem
572 3322 750 3389 Schanzius
785 3323 872 3410 quod
910 3335 941 3390 01
976 3326 1080 3391 41611
1114 3334 1189 3390 ante
1223 3323 1305 3391 illud

135 3433 313 3519 ἀεισχοροῦν
331 3431 503 3496 articulum
518 3441 552 3500 τό
576 3432 740 3518 supplevit
763 3443 796 3497 et
818 3433 920 3499 42311
944 3455 1004 3519 pro
1028 3439 1108 3519 λέγω
1127 3437 1202 3501 δέτι
1218 3445 1310 3502 τοῦτο

134 3537 264 3622 scripsit
286 3542 365 3622 λέγω
390 3540 416 3605 δ’
441 3541 694 3623 1010110101
718 3541 833 3625 probo.

244 3669 876 3755 1)Βο111111010111100111110011011111
902 3683 933 3738 et
964 3673 1172 3757 incertorum,
1206 3694 1306 3759 quam

134 3776 287 3862 proponit
309 3775 471 3841 Prellerus
495 3777 619 3865 (Roem.
635 3778 772 3869 Mythol.
797 3804 829 3867 p.
855 3781 896 3846 13
910 3781 945 3867 3),
970 3779 1213 3845 Varronianarn
1236 3802 1311 3845 esse

134 3905 230 3967 nego.

241 4009 274 4096 8)
298 4008 467 4094 Lupercos
491 4018 567 4075 ante
589 4009 713 4077 liberae
736 4010 938 4098 reipublicae
962 4020 1109 4097 tempora
1124 4034 1230 4098 neque
1245 4033 1306 4097 per

134 4111 248 4179 urbem
282 4137 414 4182 currere
444 4138 550 4204 neque
584 4117 735 4202 mulieres
768 4118 945 4184 verberare
978 4119 1125 4205 coepisse
1153 4121 1311 4204 Ungerus

135 4221 232 4304 (Mus.
255 4220 358 4291 Rhen.
382 4222 536 4289 XXXVI
559 4225 615 4315 59)
638 4248 703 4291 non
727 4226 844 4294 effecit.
