2954 4748
680 260 724 324 42

114 462 220 528 neque
244 463 264 505 a
281 439 402 522 Quinto
424 439 526 504 fratre
550 437 591 503 de
607 437 742 523 Pompei
758 458 856 502 sensu
871 435 1005 502 edoctus
1020 435 1120 501 fnisse
1136 433 1288 521 adparet.

115 547 244 633 Langio
268 547 338 633 ipse
362 545 537 612 adsentior.

221 655 278 736 51)
303 656 337 722 C.
365 653 500 719 Peterus
534 651 569 715 in
595 649 764 736 Philologo
795 649 860 718 vol.
893 649 978 715 VIII
1007 651 1121 734 (1853)
1156 671 1189 736 p.
1220 649 1289 715 425

115 760 229 828 decem
251 759 322 825 illos
346 758 472 844 legatos
495 781 550 824 eos
574 780 644 823 esse
668 757 902 823 existimandos
927 757 1075 842 coniecit,
1109 757 1165 844 qui
1194 755 1288 821 bellis

116 867 270 934 confectis
295 889 338 931 ex
362 875 476 932 senatu
493 864 682 952 provinciae
699 864 944 930 constituendae
961 885 1062 932 causa
1077 863 1291 930 mittebantur

115 973 289 1060 (Cio.Phil.
302 972 372 1039 XII
387 976 455 1056 28),
471 994 569 1059 quam
584 971 932 1056 sententiamLangius
948 973 1080 1059 (p.331)
1097 971 1291 1058 comprobat

114 1090 148 1146 et
168 1081 285 1147 Dionis
309 1079 478 1165 (XXXIX
500 1081 557 1163 25)
581 1078 684 1145 verba
708 1078 938 1144 commendare
961 1079 1124 1145 videntur.
1170 1079 1216 1144 At
1239 1100 1292 1143 re-

114 1188 264 1273 fragatur
281 1187 397 1253 Cicero
421 1185 476 1272 (de
499 1208 593 1273 prov.
617 1208 706 1254 cons.
723 1187 798 1269 28);
822 1209 898 1273 quos
914 1185 1066 1271 (legatos)
1084 1190 1144 1255 alii
1158 1191 1292 1254 omnino

114 1319 180 1364 aon
203 1298 332 1370 dobant,
362 1298 422 1362 olii
444 1297 587 1378 eceraplo
616 1297 816 1381 quaerebant.
863 1293 1073 1381 Quapropter
1104 1291 1194 1357 haud
1222 1292 1291 1357 scio

115 1424 158 1467 an
180 1399 281 1486 legati
304 1399 351 1464 illi
374 1400 443 1466 eius
466 1401 596 1485 generis
619 1401 749 1484 fuerint,
782 1399 894 1488 quales
918 1401 1073 1487 Pompeio
1106 1423 1149 1465 ex
1173 1399 1302 1475 eodem.

11 1536 14 1540 ⁸
115 1516 229 1573 senatu
253 1514 386 1573 ornatus
410 1530 510 1572 causa
532 1507 584 1572 bis
607 1507 712 1575 additi
739 1517 824 1592 sunt,
855 1530 941 1573 anno
970 1509 1012 1574 67
1045 1507 1119 1592 lege
1143 1507 1290 1574 Gabinia

115 1615 217 1701 (App.
241 1614 274 1680 b.
298 1613 408 1681 Mithr.
428 1616 496 1701 94),
520 1636 605 1679 anno
629 1616 671 1681 57
695 1613 768 1699 lege
792 1614 946 1682 Cornelia
969 1624 1001 1680 et
1024 1613 1171 1682 Caecilia
1186 1615 1291 1702 (App.

115 1721 149 1788 b.
173 1743 202 1788 c.
226 1720 260 1785 ΙΙ
286 1722 341 1788 18:
366 1719 513 1812 ὑπηρέται
537 1724 597 1790 ἀπὸ
612 1736 668 1813 τῆς
684 1728 823 1813 βουλῆς),
847 1722 1039 1808 Praesertim
1055 1744 1130 1787 ⁰¹¹m
1145 1721 1291 1788 Galliam

116 1851 138 1894 a
160 1827 312 1912 Caesare,
343 1827 500 1915 quamdiu
523 1827 569 1892 ibi
599 1827 686 1894 bella
709 1827 855 1914 gerebat,
879 1829 913 1893 in
935 1829 1126 1916 provinciae
1148 1829 1289 1895 formam

116 1934 286 2000 redactam
308 1957 374 2000 non
398 1957 468 2001 esse
492 1945 626 2003 constet.

221 2043 278 2126 52)
303 2042 460 2127 Confer§
484 2043 537 2109 28.
562 2042 701 2110 Comitia
717 2041 901 2109 consularia
916 2042 994 2110 inde
1017 2066 1037 2108 a
1053 2042 1199 2110 Sullanis·
1210 2053 1292 2109 tem·

115 2148 250 2237 poribus
283 2147 397 2214 haberi
430 2148 577 2214 solebant
605 2172 715 2215 mense
740 2148 897 2232 Quinctili
920 2150 1080 2238 (Langius
1104 2150 1138 2215 11
1166 2151 1234 2218 540
1248 2157 1291 2234 3);

115 2257 225 2343 itaque
257 2265 331 2321 ante
362 2256 398 2321 id
427 2265 554 2343 tempus
585 2279 627 2321 ex
657 2255 730 2342 lege
754 2257 947 2343 Sempronia
979 2257 1020 2323 de
1047 2280 1141 2345 prov.
1174 2280 1293 2324 consu·

114 2362 238 2428 laribus
268 2375 376 2428 actum
409 2373 467 2430 est.
512 2363 615 2429 Porro
644 2374 753 2432 actum
785 2387 855 2429 esse
883 2363 1014 2431 videtur
1042 2387 1153 2430 menso
1170 2365 1290 2448 Iunio3

114 2491 192 2535 nam
215 2492 278 2556 quo
301 2480 447 2556 tempore
463 2480 572 2536 actum
590 2480 647 2555 est,
671 2471 778 2537 fasces
794 2494 895 2559 penes
910 2470 1099 2558 Philippum
1122 2471 1290 2538 consulem

116 2586 209 2643 erant
233 2582 267 2662 (ξ
291 2579 357 2664 21),
387 2578 443 2665 qai
472 2577 604 2643 alterius
629 2578 769 2644 consulis
792 2577 976 2645 Marcellini
999 2600 1110 2644 mense
1132 2578 1289 2645 Ianuario

115 2684 245 2751 fuerant
267 2685 357 2772 (fam.
382 2684 399 2749 Ι
425 2687 453 2767 1,
477 2689 498 2751 2
522 2686 580 2752 cfr.
604 2685 711 2771 Lang.
736 2685 923 2771 1113312).

124 2854 127 2860 .
222 2792 279 2875 53)
304 2791 377 2874 Quo
401 2801 546 2878 tempore
569 2791 651 2860 haec
674 2803 706 2858 et
733 2793 872 2879 epistula
902 2793 947 2860 ad
970 2794 1038 2860 Att.
1062 2793 1156 2859 lvo
1192 2793 1291 2860 datae

116 2907 233 2982 essent,
250 2909 285 2964 ut
309 2899 505 2987 exquireret,
530 2900 717 2966 Koernerus
734 2906 780 2986 (p.
799 2903 942 2985 19-21)
966 2901 1067 2966 multa
1083 2899 1185 2966 verba
1201 2901 1291 2984 fecit,
1355 2883 1364 2896 ³

117 3005 173 3092 qui
200 3003 289 3070 illam
318 3028 335 3070 e
359 3005 544 3072 Tusculano
569 3030 599 3074 a.
624 3007 655 3074 d.
680 3008 721 3074 V.
739 3007 791 3072 vel
807 3008 866 3075 IV.
890 3007 940 3076 Id.
964 3009 1058 3094 Apr,
1082 3006 1167 3073 hanc
1200 3008 1292 3074 circa

115 3111 196 3177 Idus
220 3112 315 3177 datas
339 3135 409 3177 esse
433 3113 560 3196 statuit3
591 3114 650 3179 sed
674 3115 781 3180 omnia
805 3115 883 3195 fere,
914 3137 997 3201 quae
1021 3137 1059 3180 eo
1083 3114 1154 3180 loco
1179 3113 1292 3200 dispu-

115 3220 208 3302 tavit,
232 3217 329 3283 valde
352 3228 427 3285 sunt
445 3220 575 3286 ¹incerta
599 3231 630 3286 et
653 3244 807 3307 magnam
830 3231 958 3308 partem
980 3222 1030 3305 iis,
1054 3244 1138 3308 quae
1161 3221 1232 3307 ipse
1256 3222 1292 3287 in

117 3325 326 3391 adnotatione
349 3328 393 3392 54
416 3326 638 3412 explicaturus
662 3351 743 3414 sum,
766 3329 959 3396 refutantur.

224 3432 338 3519 Neque
354 3431 575 3520 exploratione
590 3435 668 3499 mihi
685 3435 847 3520 videntur,
864 3457 949 3522 quae
966 3435 1006 3502 Ο.
1022 3435 1060 3503 Ε.
1078 3435 1290 3521 Schmidtins,

116 3539 170 3612 vir
193 3541 381 3626 ceteroquin
405 3540 645 3626 sagacissimus,
670 3542 726 3628 qui
749 3542 783 3607 in
798 3543 901 3608 diario
918 3542 1193 3608 ‘Wochenschrilt
1215 3544 1291 3610 fuer

116 3645 219 3715 klass.
236 3646 426 3733 Philologie’
442 3648 557 3733 (1885)
574 3648 635 3716 ool.
653 3651 738 3717 1809
753 3673 825 3737 squ.
842 3650 1004 3717 Koerneri
1027 3649 1291 3716 dissertationem

115 3755 313 3842 percensuit,
339 3755 380 3820 de
404 3755 520 3820 iisdem
543 3755 689 3842 epistulis
713 3757 922 3843 conscripsit,
956 3757 983 3822 is
1008 3758 1094 3822 enim
1118 3757 1292 3844 epistulam

118 3862 162 3928 ad
187 3862 365 3929 Lucceium
388 3886 418 3928 a.
444 3863 476 3930 d.
501 3863 562 3930 ΠΙ.
586 3863 636 3933 Id.
661 3864 754 3949 Apr,
782 3887 833 3950 ep.
858 3863 901 3929 ad
925 3865 992 3931 Att.
1017 3865 1065 3930 lv
1089 3867 1110 3931 6
1133 3865 1292 3951 postridie

117 3969 196 4036 Idus
220 3969 314 4034 datas
338 3993 407 4036 esse
431 3970 553 4053 voluit3
577 3970 665 4036 idem
688 3970 860 4057 epistulam
883 3971 927 4037 ad
950 3971 1015 4053 Qu.
1031 3972 1072 4039 fr.
1089 3972 1123 4037 II
1146 3974 1177 4055 5,
1202 3975 1293 4039 2-3

116 4086 152 4143 ut
167 4077 445 4164 interpretaretur,
464 4077 655 4145 Ciceronem
678 4088 709 4143 et
726 4101 800 4143 curn
812 4078 933 4160 Quinto
958 4089 989 4143 et
1005 4101 1079 4144 cum
1092 4079 1292 4164 Crassipede

117 4194 246 4251 etcum
269 4185 423 4271 Pompeio
448 4186 481 4250 in
505 4185 726 4252 Tusculanum
749 4185 940 4251 convenisse
963 4186 1027 4250 sibi
1050 4186 1154 4269 finxit,
1178 4209 1292 4271 qnam·

117 4315 216 4380 qnam
232 4293 273 4358 de
289 4293 474 4359 Tusculano
497 4303 531 4358 ut
547 4294 726 4380 quidquam
745 4292 791 4358 ibi
808 4293 1020 4380 significetur,
1043 4302 1169 4359 tantum
1185 4291 1290 4378 abest,
