2954 4748
725 259 768 323 43

149 443 191 500 ut
218 432 334 500 Oicero
368 456 403 499 se
435 457 473 499 eo
507 433 560 500 die
590 435 712 501 Romae
744 436 843 502 fuisse
873 439 1002 523 tresque
1037 436 1108 502 illos
1139 439 1332 504 convenisse

149 541 358 627 apertissime
382 539 536 608 declaret.

262 648 333 713 Iam
356 648 457 732 igitur
480 648 543 734 ipsi
569 633 754 733 videamus,
774 649 853 737 quid
878 649 918 715 de
934 650 1072 737 epistula
1089 651 1133 717 ad
1150 651 1329 718 Lucceium

150 755 185 820 V
203 757 244 821 12
261 754 390 820 definiri
405 755 517 841 possit.
558 755 653 821 Hanc
670 756 842 842 epistulam
859 757 974 824 Cicero
991 757 1081 822 dedit
1097 767 1170 844 post
1185 744 1327 854 reditur'n

150 885 174 927 e
196 862 278 947 fuga
301 868 334 949 (ξ
357 864 404 948 4),
436 861 555 927 absens
578 861 621 929 ab
644 861 726 928 urbe
750 869 784 949 (ξ
809 867 850 951 l),
886 863 982 950 paulo
1008 876 1082 930 ante
1107 888 1157 952 ep.
1189 865 1233 930 ad
1257 867 1324 934 Att.

157 968 207 1034 IV
239 971 260 1035 6
284 969 356 1054 (cfr.
381 969 449 1036 Att.
473 968 523 1035 IV
547 971 578 1056 6,
603 971 649 1053 4),
685 970 741 1056 qui
771 970 861 1037 locus
885 971 1072 1038 Gruberum
1102 971 1226 1057 effugit,
1260 954 1327 1059 qui,

156 1098 244 1142 num·
269 1076 399 1141 omnino
434 1076 574 1162 epistula
607 1076 649 1142 ad
678 1077 856 1143 Lucceium
890 1087 1017 1164 tempus
1051 1078 1132 1144 illud
1167 1088 1327 1165 taugeret,
1434 1088 1436 1094 '

152 1182 345 1266 dubitavit).
391 1181 458 1248 Sed
483 1181 622 1270 epistula
645 1184 688 1249 ad
711 1185 777 1252 Aet.
801 1184 850 1250 IV
873 1187 894 1251 6
918 1185 996 1250 data
1019 1194 1067 1250 est
1090 1185 1188 1251 Antio
1218 1209 1328 1251 mense

149 1289 259 1374 lunio,
282 1290 331 1355 uti
355 1298 468 1376 postea
493 1289 617 1356 docebo
642 1291 733 1376 (adn.
758 1293 832 1375 54);
855 1292 965 1378 itaque
985 1291 1124 1378 epistula
1140 1315 1268 1379 quoque
1285 1292 1329 1357 ad

147 1397 331 1463 Lucceium
347 1396 463 1462 eodem
478 1420 588 1462 mense
605 1399 791 1486 conscripta
806 1421 876 1464 esse
893 1398 1023 1464 videtur
1039 1409 1070 1464 et
1082 1398 1159 1464 data
1171 1399 1326 1466 indidem.

155 1539 157 1544 ·
259 1505 316 1587 54)
340 1503 540 1588 Koernerus,
571 1505 627 1591 qui
651 1511 697 1592 (p.
723 1507 852 1572 16-17
876 1514 908 1571 et
931 1507 988 1588 67)
1012 1515 1043 1570 et
1066 1505 1151 1571 hauc
1167 1498 1226 1592 ep.
1251 1508 1272 1572 6
1296 1515 1328 1571 et

148 1633 206 1697 ep.
233 1612 255 1676 5
283 1621 423 1676 exeunte
446 1610 545 1679 Febr.
576 1612 629 1677 vel
658 1613 789 1679 ineunte
812 1613 930 1678 Martio
963 1612 1056 1678 datas
1086 1636 1156 1678 esse
1185 1613 1326 1699 scripsit,

149 1718 224 1783 sine
246 1716 345 1784 dubio
369 1741 489 1803 magno
513 1719 547 1783 iu
571 1742 680 1784 errore
704 1729 863 1787 versatur.
909 1719 1039 1785 Etenim
1054 1719 1087 1784 in
1105 1743 1156 1806 ep.
1173 1722 1194 1786 5
1211 1720 1326 1786 Cicero

148 1847 189 1890 se
212 1825 256 1890 ad
280 1834 389 1911 partes
414 1826 567 1892 Caesaris
590 1836 622 1890 et
644 1827 780 1912 Pompei
802 1826 935 1891 taudem
959 1826 1135 1913 aliquando
1159 1812 1326 1892 transiisse

147 1942 184 1998 et
206 1931 351 1997 libellum
366 1933 400 1997 in
417 1955 528 1999 eorum
545 1933 691 1998 favorem
706 1934 919 2019 compositum
935 1933 979 1999 ad
995 1933 1185 2000 alterutrum
1200 1934 1327 1999 misisse

147 2038 260 2105 multis
282 2039 387 2126 iisque
411 2039 631 2105 disertissimis
647 2038 757 2105 verbis
773 2040 878 2106 amico
895 2041 1000 2126 aperit
1016 2062 1068 2108 ex.
1085 2062 1134 2126 gr.
1151 2047 1171 2125 ξ
1188 2043 1209 2107 2
1225 2049 1326 2108 extu:

144 2152 301 2233 quoniam
324 2153 380 2234 qai
402 2152 484 2215 uilttl
501 2159 648 2231 possunt,
672 2153 698 2214 ii
721 2172 769 2214 ete
791 2152 903 2216 uolunt
918 2172 1038 2226 umore,
1062 2150 1172 2223 demus
1187 2171 1326 2232 operum,

146 2263 187 2322 est
198 2258 237 2323 ab
250 2258 301 2334 iis,
315 2259 370 2341 qui
378 2266 523 2338 possum,
532 2258 722 2341 diliculum
735 2254 816 2319 haee
829 2263 937 2319 autem
948 2254 1037 2319 facta
1049 2264 1124 2320 sunt
1134 2263 1207 2340 post
1215 2255 1326 2319 Nonas

146 2361 233 2448 Apr.
258 2361 336 2426 anni
360 2363 424 2443 563
456 2360 559 2426 Nonis
583 2361 669 2426 enim
689 2361 774 2448 ¹Apr.
799 2359 924 2427 Tullius
947 2361 980 2425 in
1004 2370 1129 2444 senatu,
1152 2370 1197 2429 ut.
1211 2361 1326 2426 Idibus

148 2468 247 2533 Maiis
272 2468 313 2533 de
337 2489 418 2553 agro
436 2468 606 2554 Campano
629 2469 792 2555 frequenti
808 2478 923 2534 senatu
938 2469 1124 2552 referretur,
1149 2468 1326 2555 postulavit

146 2575 229 2661 (Qu.
252 2576 292 2643 fr.
317 2574 351 2639 Π
374 2576 406 2659 5,
433 2579 475 2660 l),
499 2575 534 2641 id
558 2575 646 2662 quod
670 2576 740 2662 ipse
762 2560 808 2641 ita
830 2577 1062 2662 interpretatur
1085 2576 1324 2661 (fam.19‚8):

145 2705 228 2751 'aum
246 2687 341 2766 potui
363 2688 467 2769 inopis
490 2688 526 2750 ia
550 2707 656 2752 arcem
678 2687 767 2752 illias
791 2682 956 2768 (Caesaris
980 2693 1012 2747 et
1035 2683 1183 2769 Pompei)
1208 2706 1325 2750 cerussae

145 2793 308 2858 e'avadere'
324 2790 409 2856 etc?
432 2789 521 2873 Ergo
545 2789 717 2876 epistulam
740 2792 760 2855 5
783 2799 857 2876 post
879 2789 991 2855 Nonas
1014 2789 1096 2876 Apr.
1121 2789 1232 2854 datam
1256 2811 1324 2853 esse

145 2906 275 2962 eertum
298 2906 356 2963 est.

258 3004 332 3088 Age
356 3026 445 3088 vero,
477 3004 574 3068 misso
598 3003 767 3069 Kcernero
791 3004 870 3091 quid
894 3003 949 3071 alii
972 3003 1036 3071 viri
1060 3003 1147 3069 docti
1175 3002 1216 3067 de
1246 3011 1325 3067 tem-

148 3110 284 3197 poribus
308 3110 519 3196 epistularum
542 3110 671 3177 illarum
686 3110 940 3194 enucleaverint,
964 3111 1144 3176 videamus.
1173 3108 1323 3190 Omnes,

145 3240 231 3305 quos
266 3218 343 3283 novi
375 3219 571 3283 recentiores
607 3228 755 3283 auctores
788 3217 971 3304 (Gruberus
1004 3242 1036 3305 p.
1067 3220 1099 3302 6,
1123 3217 1255 3282 Boetius
1290 3217 1323 3280 in

146 3325 291 3389 editione
314 3348 347 3412 p.
375 3327 414 3392 17
417 3328 449 3409 5,
466 3325 735 3410 Wesenbergius)
759 3326 914 3412 epistulas
930 3326 973 3391 ad
989 3327 1056 3392 Ae.
1073 3325 1126 3390 lb
1151 3336 1182 3389 et
1197 3326 1218 3389 5
1235 3325 1324 3389 circa

146 3453 182 3497 a.
206 3431 237 3500 d.
262 3430 321 3500 Vl.
346 3432 396 3500 Id.
421 3434 514 3518 Apu,
543 3432 714 3519 epistulam
738 3432 780 3497 ad
806 3433 945 3499 eundem
968 3436 988 3498 6
1014 3435 1103 3497 cirea
1127 3431 1206 3496 Idus
1234 3431 1323 3518 ipsas

147 3540 352 3626 conscriptas
364 3563 446 3608 ¹esse
471 3540 600 3622 volunt,
623 3540 776 3605 nimirum
800 3563 874 3606 cum
890 3536 1045 3626 epistulas
1061 3538 1114 3604 4b
1139 3548 1170 3602 et
1186 3540 1207 3603 5
1222 3538 1322 3603 Antio

148 3645 245 3712 datas
282 3669 352 3712 esse
385 3671 428 3712 ex
462 3647 541 3733 ipsis
575 3657 708 3732 constet,
734 3647 850 3713 Cicero
885 3669 963 3712 vero
995 3646 1138 3731 (Qufr.
1163 3646 1254 3731 115)
1289 3645 1323 3709 in
1367 3713 1377 3731 ,

145 3753 301 3818 itinerum
324 3777 456 3819 suorum
479 3755 604 3819 ratione
628 3753 844 3819 describenda
867 3753 956 3819 Antii
982 3753 1177 3818 mentionem
1200 3751 1323 3818 nullam

143 3860 259 3947 iaciat,
292 3860 348 3944 illi,
382 3872 557 3948 autequam
580 3861 697 3926 itinera
729 3862 791 3926 ista
822 3860 1059 3946 ingrederetur,
1083 3861 1218 3926 Antium
1249 3882 1322 3925 eum

146 3967 247 4032 ivisse
277 3967 387 4054 ibique
418 3968 562 4033 triduum
593 3981 773 4033 morantem
808 3967 963 4054 epistulas
993 3966 1065 4032 illas
1100 3967 1229 4033 dedisse
1260 3967 1323 4031 sibi

145 4073 278 4158 tingunt
301 4076 374 4159 (cfr.
400 4075 491 4141 Boot.
515 4074 536 4141 l.
561 4074 607 4158 1.).
654 4075 802 4141 Athaco
835 4075 994 4140 sententia
1029 4075 1162 4140 tolerari
1193 4075 1321 4161 nequit3

149 4202 309 4267 namque:
348 4185 379 4265 1)
405 4205 479 4247 cum
510 4182 603 4247 daret
631 4182 797 4269 epistulas,
832 4182 872 4246 de
904 4181 1022 4268 quibus
1055 4181 1175 4266 agitur,
1206 4182 1321 4247 Cicero

146 4286 272 4353 diutius
297 4311 394 4375 quam
417 4290 563 4355 triduum
578 4290 670 4355 Antii
692 4288 898 4371 morabatur3
922 4312 985 4375 quo
1004 4299 1099 4375 pacto
1116 4289 1212 4373 enim,
1237 4311 1322 4375 cum,
