2954 4748
710 202 754 264 44

147 393 186 452 ut,
212 381 264 446 isti
295 381 481 466 opinantur,
516 377 612 444 modo
636 379 740 443 Roma
770 377 934 463 profectus
967 388 1061 456 esset,
1096 386 1164 441 tam
1196 376 1320 449 blande

146 489 249 575 potuit
271 487 416 553 Atticum
445 487 595 569 invitare,
628 495 663 550 ut
691 484 733 550 ad
763 507 798 548 se
827 484 963 569 veniret,
999 484 1032 548 in
1063 483 1127 549 illis
1158 484 1238 550 locis
1261 485 1320 553 cd·

145 596 359 682 haeresceret,
383 593 500 659 Piliam
527 592 708 661 adduceret
732 593 812 677 (Att.
837 592 885 655 lV
908 592 988 676 cb),
1019 591 1046 657 si
1080 592 1151 678 ipse
1166 591 1319 658 vtriduum

146 711 274 769 tantum
304 701 350 766 ibi
381 724 554 767 mansurus
585 701 680 766 erat?
713 702 747 784 2)
778 699 918 764 Accedit
949 699 1039 764 aliud
1070 709 1320 783 argumentum:

146 790 290 876 Artas
315 809 431 876 Cicero
453 809 600 874 Atticum
622 817 727 894 rogat,
751 805 992 873 utlibrariolos
1021 805 1084 871 sibi
1116 807 1233 892 mittat,
1263 807 1319 894 qni

147 915 377 1000 bibliothecam
400 938 503 999 suam,
527 938 611 1001 quae
635 925 705 979 erat
726 914 817 978 Antii
834 915 914 998 (Att.
931 913 980 979 lV
997 914 1075 998 Sa),
1099 919 1324 984 constrictione

35 1049 43 1064 ·
147 1034 174 1092 et
196 1028 319 1110 sillybis
351 1023 507 1109 pingant3
543 1044 617 1087 cun1
649 1044 727 1088 vero
759 1021 846 1087 idern
877 1020 971 1086 daret
999 1020 1171 1106 epistulam
1203 1023 1235 1106 5,
1267 1022 1320 1090 isti

145 1130 248 1196 Attici
270 1129 395 1195 librarii
419 1129 454 1194 id
483 1152 563 1215 opus
587 1129 678 1194 Antii
706 1129 772 1193 ianr
798 1129 1005 1214 perfecerant
1029 1129 1103 1212 (cfr.
1128 1151 1179 1213 ep.
1205 1134 1323 1212 extr.);

147 1238 255 1323 inepte
278 1238 378 1322 igitur
402 1235 571 1302 Gruherus
595 1246 627 1300 et
650 1233 906 1318 Wesenbergius
930 1234 1102 1320 epistulam
1125 1237 1147 1300 Ι)
1170 1258 1235 1301 uno
1267 1235 1320 1301 dic

147 1354 220 1429 post
243 1343 414 1429 epistulam
437 1343 489 1407 cb
518 1343 628 1409 datam
660 1349 729 1407 esse
760 1340 971 1422 arbitrantur.
1011 1345 1045 1425 3)
1069 1342 1143 1424 Quo
1173 1352 1323 1429 tempora

148 1450 264 1516 Cicero
288 1450 379 1515 dedit
402 1449 557 1535 epistulas
580 1452 601 1513 i)
625 1460 656 1514 et
684 1452 714 1528 6,
745 1449 810 1514 ianr
841 1448 882 1512 de
913 1448 963 1532 iis,
994 1471 1080 1534 qnae
1104 1449 1216 1515 Lucae
1246 1460 1345 1516 acta,

148 1568 241 1622 erant
257 1568 289 1621 et
304 1581 388 1644 quae
403 1558 577 1643 Pompeius
602 1579 661 1642 per
677 1555 857 1621 Vibullium
873 1556 903 1620 ei
920 1556 1048 1642 aperuit
1065 1557 1155 1641 (fam.
1171 1557 1235 1641 1‘9,
1255 1560 1324 1646 10),

149 1665 267 1730 certior
290 1675 361 1729 erat
383 1665 499 1748 lactus,
524 1663 558 1729 id
582 1664 670 1750 quod
694 1687 736 1728 ex
760 1673 951 1746 argumento
976 1662 1188 1748 epistularum
1204 1687 1322 1730 earun-

149 1771 223 1837 dem
245 1770 342 1839 facilc
365 1772 559 1856 perspicies3
583 1771 793 1857 quamobrem
816 1770 877 1836 hae
902 1770 1059 1856 epistulae
1083 1781 1228 1856 tempore
1244 1795 1322 1858 quo·

149 1879 225 1943 darn
248 1888 321 1964 post
337 1888 533 1943 conventum
547 1877 659 1943 Lucae
675 1876 822 1942 habitum
838 1878 1044 1963 conscriptae
1060 1888 1145 1945 sunt.
1169 1881 1204 1962 4)
1221 1879 1322 1944 Ncm-

149 1985 228 2072 quid
245 1986 371 2068 Cicero,
382 2028 385 2049 .
396 2008 459 2071 quo
483 1997 627 2070 tempore
643 1986 705 2049 iter
721 1984 825 2050 maius
842 1984 875 2049 in
892 1983 985 2050 villas
1002 1985 1153 2070 parabat,
1177 1985 1326 2064 scribere

148 2102 276 2180 poterat
304 2092 384 2157 illud
416 2093 496 2176 (Att.
528 2091 576 2156 IV
602 2093 635 2175 ὁ,
663 2094 715 2173 3):
750 2097 901 2160 uiaticum
934 2094 1103 2175 Crassipes
1129 2096 1325 2186 praeripit?

149 2199 237 2286 quod
261 2199 375 2265 credat
397 2202 538 2268 Iudaeus
562 2197 697 2284 Apella!
867 2185 871 2192 ’

256 2306 351 2388 Quae
375 2329 450 2371 cum
472 2307 518 2371 ita
540 2305 614 2388 sint,
638 2305 789 2392 equidem
813 2304 967 2392 epistulas
991 2308 1013 2370 ἴ)
1036 2314 1103 2375 etti
1121 2307 1328 2393 conscriptas

148 2436 214 2478 non
244 2435 314 2480 esse
344 2412 549 2498 exploratum
580 2412 696 2496 habeo,
716 2423 905 2498 antequam
929 2413 1046 2478 Cicero
1080 2413 1187 2498 pridie
1210 2413 1326 2481 Nonas

149 2521 255 2586 Maias
279 2543 321 2584 ex
345 2519 460 2585 itinere
475 2521 611 2585 Romam
635 2520 785 2585 rediisset
801 2520 878 2604 (Qu.
893 2521 942 2585 -fr.
966 2519 1000 2586 Il
1024 2521 1054 2607 b,
1079 2524 1124 2602 4).
1149 2520 1219 2584 larn
1243 2544 1327 2586 vero

150 2638 185 2693 ut
219 2627 413 2712 accuratius,
449 2650 512 2713 quo
544 2636 690 2713 ternpore
726 2627 822 2692 datae
842 2627 926 2710 sint,
963 2649 1211 2711 cognoscamus,
1247 2638 1328 2693 ante

151 2736 259 2800 omnia
290 2734 384 2800 nohis
417 2735 682 2818 investigandum
709 2746 767 2818 est,
811 2755 896 2820 quae
927 2734 1026 2799 fuerit
1056 2739 1225 2804 παλινωδὶα
1256 2733 1328 2820 illa,

151 2842 242 2906 cuius
266 2842 300 2906 in
324 2865 375 2927 ep.
399 2844 420 2907 ὁ
443 2843 479 2906 fit
510 2841 639 2908 mentio.
687 2842 738 2906 Ac
762 2841 974 2906 Drumanuus
999 2841 1132 2928 quidem
1156 2841 1219 2929 (Ill
1243 2844 1325 2920 272)

150 2949 350 3035 palinodiam
373 2950 469 3015 istam
485 2948 637 3015 Caesaris
652 2947 873 3014 laudationem
889 2948 990 3012 fuisse
1005 2959 1117 3034 putat3
1141 2948 1328 3037 sed-neque

152 3055 272 3121 detali
295 3055 403 3121 libello
427 3080 448 3120 a
464 3056 622 3122 Cicerone
646 3055 822 3140 composito
840 3054 973 3120 aliunde
990 3055 1170 3141 quidquam
1187 3066 1329 3153 constat,

152 3165 211 3228 etsi
235 3162 415 3228 studiorum
439 3172 470 3227 et
493 3161 650 3227 librorum
666 3161 890 3227 Tulliauorum
913 3172 960 3227 tot
983 3171 1114 3227 exstant
1129 3163 1329 3249 testimonia,

152 3294 257 3357 neque
280 3270 460 3335 sententiae
476 3269 660 3334 Drumanni
684 3270 797 3334 favent
820 3268 902 3334 haec
919 3269 1086 3334 Ciceronis
1102 3269 1206 3335 verba
1223 3277 1256 3354 (ξ
1272 3273 1326 3356 2):

152 3381 268 3446 raodici
288 3382 411 3460 tisicratis
426 3375 581 3455 ὑποθέσει,
605 3386 639 3443 ut
653 3382 779 3460 scripsi,
803 3381 924 3444 erimus
940 3381 1098 3444 uberiores
1115 3387 1190 3458 eto.3
1214 3377 1330 3463 itaque

152 3485 234 3550 haec
265 3484 426 3549 sententia
456 3482 671 3569 relinquenda
705 3483 845 3550 videtur.
892 3484 1011 3549 Postea
1040 3484 1260 3549 Mommsenus
1291 3485 1326 3548 in

139 3591 361 3657 adnotatione
377 3589 520 3677 quadarn
532 3589 696 3673 historiae,
709 3613 808 3677 quam
824 3591 963 3678 scripsit,
977 3613 1131 3656 romanae
1144 3591 1209 3676 (ΙΙΙ
1221 3593 1287 3657 323
1301 3597 1330 3675 ⁷)

98 3674 111 3700 ⁴
153 3697 352 3785 palinodiam
375 3698 471 3763 istam
493 3697 592 3762 fuisse
616 3697 794 3762 orationem
823 3698 864 3762 de
888 3699 1065 3784 provinciis
1089 3698 1329 3782 consularibus,

153 3797 237 3892 quae
260 3814 378 3890 exstat,
410 3813 590 3889 auguratus
614 3814 671 3889 est,
705 3804 826 3891 quippe
850 3827 934 3891 quae
958 3806 1080 3890 optima
1102 3806 1200 3871 fuerit
1222 3816 1326 3871 retra·

154 3913 251 3978 ctatio
276 3933 396 3995 eorum,
427 3934 511 3997 quae
534 3934 639 3997 nuper
663 3911 778 3976 Cicero
802 3913 836 3976 in
860 3911 1060 3977 orationihus
1083 3923 1115 3976 et
1138 3935 1197 3997 pro
1221 3912 1330 3977 Sestio

153 4030 186 4086 et
207 4020 241 4083 in
257 4011 425 4084 Vatinium
448 4028 480 4082 et
503 4018 544 4082 de
566 4018 776 4103 haruspicum
792 4041 947 4104 responso
964 4042 1038 4083 cum
1054 4018 1095 4083 de
1111 4019 1158 4083 rei
1175 4017 1331 4104 publicae

153 4137 330 4193 statutum
354 4125 395 4190 de
420 4125 562 4192 Caesare
585 4125 777 4212 scripsisset.
824 4127 934 4213 Atque
957 4125 1039 4190 haec
1062 4126 1124 4190 viri
1148 4125 1327 4190 doctissimi

153 4233 313 4301 sententia
335 4233 524 4300 acutissima
554 4255 591 4298 eo
622 4232 720 4298 valde
750 4232 1007 4318 commendatur,
1039 4232 1127 4318 quod
1159 4231 1332 4318 palinodia
