2954 4748
759 247 802 314 26

196 427 316 493 dicturn
331 430 384 508 sit,
409 447 492 491 non:
517 438 553 496 ut
568 431 813 496 interdiceretur
827 425 884 509 (de
900 425 986 492 dom.
1002 426 1057 509 47,
1074 425 1132 491 cfr.
1149 423 1190 490 de
1208 423 1297 495 dom.
1314 425 1377 490 51:

194 539 301 599 tomen
317 556 357 599 nc
371 536 407 599 id
421 535 547 617 quidm
562 535 787 616 adscriptum,
810 540 845 600 nt
860 536 979 600 enicem
997 535 1093 614 etc.),·
1118 552 1225 617 neque
1241 529 1376 596 obstant

195 636 298 703 verba
321 638 402 726 (Aa.
426 641 475 706 Ill
498 640 551 725 4):
585 642 698 707 edicto
720 646 766 706 est
789 643 874 706 enirn
897 642 987 706 nobis
1010 643 1133 726 ropetio
1162 641 1201 706 de
1227 642 1376 722 pernicie

195 768 275 824 nno,
307 744 425 831 quibus
448 745 550 811 utitur
572 745 760 831 Zumptius3
791 744 873 810 haee
897 745 984 810 enim
1006 744 1112 811 verba
1135 744 1176 810 de
1199 745 1372 830 rogatione

195 861 342 917 correcta
359 851 465 938 potius
481 873 580 938 qnam
596 851 637 917 de
654 851 781 938 perlata
796 850 959 936 intellego.
976 853 1010 938 2)
1025 850 1163 917 Prorsus
1176 851 1373 938 profligatur

196 956 317 1042 Langii
333 958 496 1024 sententia
512 957 661 1024 Tulliano
686 957 740 1023 illo
757 959 838 1046 (An.
862 961 912 1027 Ill
936 960 988 1045 2);
1007 964 1202 1043 prueeertim
1226 962 1369 1027 nondun

195 1070 357 1152 ruputione
391 1073 539 1145 correcto,
571 1066 659 1153 quod
691 1066 848 1152 scriptum
879 1076 927 1131 est
960 1090 990 1133 a.
1026 1066 1058 1133 d.
1094 1066 1153 1134 VI.
1183 1067 1235 1134 Id.
1270 1068 1370 1154 Apr.;

94 1222 98 1231 .
194 1193 281 1257 quae
304 1172 390 1236 euim
406 1172 532 1256 rogatio
549 1193 580 1239 a.
597 1172 629 1239 d.
646 1172 705 1239 VI.
722 1171 773 1240 Id.
797 1173 917 1258 corrigi
933 1182 1070 1259 poterat,
1095 1173 1269 1260 quomodo,
1281 1197 1312 1240 a.
1337 1174 1370 1240 d.

194 1278 258 1345 III.
281 1279 366 1345 Non.
390 1278 517 1363 perlata
540 1279 612 1344 est?

303 1384 396 1467 Quae
420 1406 493 1450 cum
517 1385 563 1450 ita
585 1386 659 1471 sint,
683 1394 757 1471 post
778 1385 857 1450 Idus
873 1385 966 1474 Apa,
990 1408 1054 1472 quo
1077 1386 1146 1452 fere
1162 1385 1216 1452 die
1231 1385 1371 1471 epistula

197 1490 241 1557 ad
250 1491 318 1556 Au.
331 1491 419 1556 1114
436 1492 621 1579 conscripta
636 1500 694 1576 est,
710 1490 817 1577 legem
833 1490 1027 1557 Clodianam
1042 1491 1143 1558 latam
1160 1514 1230 1557 esse
1246 1501 1369 1558 eertum

196 1607 255 1664 est.
302 1598 432 1663 Deinde
455 1600 542 1664 intra
575 1599 644 1664 dies
667 1599 890 1666 XII-XIX.
922 1598 1067 1666 eiusdem
1089 1600 1222 1667 mensis
1246 1599 1370 1665 Romae

199 1703 269 1770 ludi
286 1705 414 1773 Cereris
437 1705 577 1788 fiebant3
601 1706 707 1793 pridie
731 1728 809 1771 vero
825 1706 902 1773 Kal.
919 1706 1009 1790 Mai„
1033 1728 1108 1771 cum
1131 1704 1304 1793 epistulam
1326 1706 1369 1772 ad
1468 1791 1469 1795 Ἰ

200 1812 387 1877 Terentiam
410 1811 494 1878 XIV
516 1815 538 1878 4
560 1812 737 1878 Brundisio
761 1812 861 1897 dedit,
895 1812 1033 1898 delego
1064 1811 1133 1880 lata
1155 1813 1271 1879 Cicero
1305 1814 1370 1879 iam

197 1919 316 1984 certior
340 1930 410 1985 erat
432 1923 538 1986 factus
562 1923 596 2008 (ξ
619 1923 640 1984 2
663 1929 695 1984 et
717 1922 773 2007 4)3
809 1942 887 2005 ergo
911 1920 970 1984 vix
1002 1903 1146 1985 dubitari
1173 1918 1259 2004 licet,
1291 1922 1369 2007 quin

197 2025 283 2092 intra
307 2026 377 2093 dies
400 2027 479 2094 XX.
504 2037 536 2092 et
558 2026 690 2093 XXIII.
714 2026 834 2091 mensis
857 2027 939 2112 Apr.
971 2025 1110 2112 populus
1140 2048 1296 2093 romanus
1329 2026 1370 2092 de

196 2131 354 2198 Cicerone
377 2134 570 2218 suffragium
593 2133 712 2199 tulerit.
758 2132 867 2219 Atque
890 2154 1001 2197 omnes
1025 2132 1158 2219 quidem
1190 2133 1260 2198 dies
1291 2133 1368 2198 inde

196 2263 217 2305 a
240 2241 301 2307 IX.
332 2264 434 2328 usqne
466 2241 510 2306 ad
532 2240 661 2306 XXIV.
690 2240 809 2304 mensis
833 2238 956 2326 Aprilis
984 2240 1018 2304 in
1043 2239 1260 2324 Calendariie,
1287 2263 1371 2328 quae

196 2358 379 2433 supersunt,
396 2349 515 2414 nefasti
531 2349 721 2432 signantur3
737 2346 796 2412 sed
811 2349 927 2412 ‘aetate
945 2347 1161 2413 Ciceroniana
1176 2347 1227 2412 ins
1244 2347 1372 2412 dierum

196 2441 295 2541 quale¹
316 2456 413 2520 fuerit
436 2478 479 2519 ex
503 2455 591 2518 hisce
614 2455 698 2518 notis
731 2454 810 2518 satis
839 2451 993 2537 intellegi
1027 2454 1139 2540 nequit
1162 2453 1214 2541 (C.
1239 2454 1266 2520 1.
1290 2454 1329 2520 L.
1353 2454 1370 2518 1

198 2562 407 2650 366-3et);
436 2563 569 2648 insuper
592 2560 746 2646 temporis
769 2559 873 2631 illiciti
897 2559 1032 2626 Clodius
1054 2570 1133 2627 tunc
1155 2562 1294 2626 fortasse
1314 2583 1371 2627 ra·

195 2669 319 2734 tionem
342 2670 448 2734 minus
476 2669 600 2753 habuit,
625 2668 755 2734 comitia
779 2677 877 2752 certe,
902 2690 986 2754 qnae
1010 2666 1051 2732 de
1076 2668 1234 2734 Cicerone
1257 2668 1370 2734 habita

198 2785 285 2861 sunt,
307 2777 585 2844 turbulentissima
609 2787 703 2841 erant
725 2776 780 2864 (de
804 2774 890 2842 dom.
917 2776 969 2860 79,
992 2776 1026 2840 in
1049 2777 1115 2842 Pis.
1139 2778 1207 2863 30),
1231 2777 1303 2860 etsi,
1328 2798 1373 2840 ne

196 2883 252 2948 lex
275 2885 354 2949 vitio
378 2883 445 2950 lata
469 2883 625 2969 abrogari
648 2899 767 2970 posset,
799 2883 899 2948 salvis
933 2883 1087 2969 auspiciis
1116 2906 1167 2948 res
1199 2893 1306 2968 gesta*
1324 2896 1373 2950 est

196 2990 251 3080 (de
275 2991 361 3058 dom.
385 2993 452 3077 42).

306 3100 360 3181 12)
384 3099 542 3164 Extrema
565 3098 703 3184 epistula
718 3098 803 3164 XIV
825 3100 847 3162 4
871 3098 916 3163 ita
939 3108 987 3163 est
1010 3099 1043 3161 in
1068 3098 1202 3164 codice:
1221 3121 1277 3183 pr.
1293 3103 1372 3168 Kal.

197 3209 283 3275 Mur.
307 3208 492 3276 Brundisio
499 3233 510 3290 ;
543 3206 578 3270 in
601 3213 621 3290 g
645 3209 665 3272 3
689 3228 767 3273 vero
791 3206 858 3270 ita:
893 3208 1077 3274 Brundisio
1094 3207 1232 3289 profecti
1259 3229 1372 3274 anricus

197 3340 227 3382 a.
252 3317 283 3382 d.
314 3315 348 3379 V.
372 3315 450 3382 Kal.
466 3316 600 3396 Maium·
623 3335 720 3399 quem
744 3311 881 3377 alterum
905 3311 992 3376 diem
1015 3311 1123 3397 priore
1147 3333 1221 3376 eum
1237 3310 1372 3377 excludi

198 3421 444 3505 arbitrarentur,
476 3419 618 3496 editores
650 3420 802 3485 Baiterus
834 3428 866 3484 et
896 3418 1154 3502 Wesenbergius
1183 3429 1256 3505 post
1291 3417 1373 3484 alios

89 3564 95 3575 ·
198 3530 362 3614 corrigere
387 3527 558 3593 voluerunt
581 3526 643 3592 hoc
667 3527 783 3594 modat
817 3529 998 3595 Brundisio
1017 3529 1152 3608 protecti
1181 3549 1293 3594 sumna
1318 3550 1372 3610 pr.

197 3639 275 3704 Kal.
296 3639 381 3705 Mai.
406 3634 519 3723 (Bait.)
542 3632 614 3700 vel:
645 3659 675 3702 o.
699 3637 730 3705 d.
756 3637 808 3700 ΙΙ.
834 3637 912 3702 Kal.
937 3636 1024 3701 Mai.
1042 3632 1177 3720 (Wes).
1202 3631 1269 3697 Sed
1292 3633 1373 3696 nihil
1415 3708 1420 3720 .

197 3741 434 3807 immutandum
462 3750 527 3823 est3
561 3762 639 3806 nam
673 3763 716 3805 ex
751 3739 925 3806 Plutarcho
961 3740 1046 3828 (Cic.
1080 3742 1133 3823 32,
1169 3742 1202 3826 2)
1235 3750 1374 3824 constat,

198 3851 390 3917 Ciceronem
413 3848 636 3939 Dyrrachium
666 3849 848 3935 profectum
878 3858 1007 3934 postero
1033 3848 1085 3913 die
1113 3857 1284 3913 ventorum
1312 3847 1374 3911 ini·

196 3956 320 4044 quitate
336 3955 547 4022 Brundisium
570 3955 728 4020 reiectum
752 3977 832 4042 esse,
856 3965 969 4041 postea
993 3957 1109 4021 iterum
1132 3954 1310 4020 traiecisse.

306 4065 360 4148 13)
383 4063 422 4127 In
451 4085 502 4148 ep.
537 4061 580 4127 ad
603 4067 671 4128 Att.
709 4064 757 4130 llI
793 4062 813 4127 8
847 4064 881 4148 (ξ
906 4063 939 4148 3)
975 4085 1005 4128 a.
1041 4061 1073 4127 d.
1110 4064 1168 4128 IV.
1197 4058 1273 4126 Kal.
1299 4060 1373 4127 Iun.

198 4168 431 4235 Thessalonica
456 4169 534 4234 data
551 4169 666 4234 Cicero
691 4167 732 4232 de
749 4167 894 4252 Tigrane
918 4167 1072 4253 disputat,
1097 4188 1194 4253 quem
1217 4189 1237 4230 a
1254 4165 1371 4231 Clodio

197 4277 370 4343 liberatum
393 4299 463 4341 esse
486 4275 583 4362 paulo
608 4286 682 4342 ante
706 4299 749 4341 ex
772 4275 873 4340 Attici
896 4273 998 4340 literis
1021 4274 1214 4360 cognovisse
1238 4273 1372 4341 videtur
