2954 4748
778 249 823 314 50

215 449 332 513 rosque
357 427 479 512 proelio
503 426 629 492 vicerat
651 426 846 512 fuderatque
870 425 902 513 (Ι.
926 426 1054 493 treet
1079 426 1148 516 16);
1172 447 1275 515 quare
1298 425 1395 491 cirea

215 535 301 599 diem
326 535 436 601 XXV.
461 534 579 598 mensis
604 532 690 598 Iunii
713 531 830 599 Iuliani
854 533 887 599 id
912 532 1070 618 proelium
1093 534 1215 599 factum
1239 542 1298 599 est.

322 641 422 706 Hisce
439 641 596 726 expositis
612 649 723 724 restat,
738 653 775 705 ut
790 639 870 725 dies,
888 663 968 727 qnos
984 640 1062 705 anni
1074 640 1194 705 Iuliani
1204 640 1392 724 statuimus,

215 748 259 815 ad
282 749 401 813 veteris
426 748 504 813 anni
527 746 670 813 calculos
693 769 902 828 revocemusq
938 769 1002 832 quo
1026 747 1059 811 in
1083 747 1214 832 negotio
1242 747 1392 812 maximo

216 856 289 920 usui
313 865 398 942 sunt,
422 877 507 940 quae
530 854 563 918 in
588 853 698 920 adnot.
726 857 739 917 1
767 853 952 934 declaravi3
976 854 1053 919 inde
1077 854 1163 918 enim
1178 853 1255 921 Kal.
1271 854 1394 919 Ianua--

214 964 280 1027 rias
312 963 387 1027 anni
417 961 538 1026 veteris
564 962 628 1026 700
650 971 724 1045 post
753 984 785 1027 u.
810 983 836 1027 c.
862 984 919 1025 seu
943 963 987 1026 54
1010 984 1040 1027 a.
1065 960 1142 1028 (thr.
1166 961 1201 1025 in
1225 961 1310 1047 prid.
1336 961 1386 1029 Id.

213 1070 295 1135 Dec.
329 1068 406 1134 anni
441 1066 561 1133 Iuliani
595 1069 638 1133 53
672 1067 826 1132 incidisse
862 1079 998 1134 constat.
1046 1067 1119 1149 Quo
1143 1068 1248 1154 posito
1280 1090 1333 1133 res
1367 1093 1394 1134 a.

216 1176 359 1242 Caesare
383 1197 468 1240 anno
492 1176 536 1240 55
559 1184 682 1259 gestae,
712 1197 793 1260 quas
818 1184 916 1240 antea
939 1175 1100 1262 congessi,
1130 1175 1163 1238 in
1186 1173 1285 1241 hosce
1309 1176 1390 1241 anni

214 1283 334 1347 veteris
364 1281 434 1346 dies
468 1280 633 1346 referendi
656 1290 747 1346 sunt:
781 1280 911 1346 circiter
941 1305 971 1348 a.
1005 1280 1037 1348 d.
1062 1280 1138 1348 VII.
1178 1280 1227 1348 Id.
1254 1282 1389 1364 Quinct.

214 1391 278 1476 (25.
304 1389 375 1455 Iun.
400 1387 475 1469 lul.)
500 1410 573 1454 cum
596 1386 788 1473 Usipetibus
812 1398 844 1452 et
867 1388 1036 1454 Tencteris
1061 1388 1185 1454 Caesar
1208 1389 1391 1475 pugnavit3

214 1519 263 1563 ca.
288 1519 316 1562 a.
348 1494 381 1561 d.
414 1494 472 1561 IV.
501 1494 576 1561 Kal.
611 1495 701 1561 Sext.
736 1494 800 1582 (15.
826 1494 958 1576 Quinct.
983 1494 1057 1585 lul.)
1091 1518 1174 1582 pons
1209 1496 1242 1560 in
1273 1496 1392 1561 Rheno

213 1604 380 1668 confectus
404 1611 467 1684 est3
491 1625 540 1668 ca.
565 1624 594 1668 a.
620 1601 651 1668 d.
675 1601 751 1668 XV.
776 1600 852 1669 Kal.
867 1601 956 1687 Sept.
981 1604 1023 1689 (2.
1049 1602 1139 1668 Sext.
1163 1602 1238 1685 Iul.)
1264 1603 1393 1669 Caesar

214 1732 256 1774 ex
288 1709 468 1775 Germania
500 1708 654 1773 ulteriore
688 1709 722 1772 in
756 1707 900 1775 Galham
932 1709 1051 1791 rediit3
1085 1710 1192 1795 pridie
1221 1709 1271 1777 Id.
1297 1710 1389 1796 Sept.

214 1818 278 1903 (27.
296 1816 387 1882 Sext.
410 1814 484 1905 Iul.)
508 1815 634 1881 Caesar
656 1815 690 1880 in
707 1815 912 1881 Britanniam
935 1816 1080 1898 traiecit,
1103 1816 1181 1881 inde
1204 1827 1278 1902 post
1301 1818 1392 1882 diem

213 1932 364 2009 quartum
387 1921 467 1987 luna
490 1922 590 2008 plena
612 1923 692 2005 suit3
722 1921 843 1988 deinde
867 1923 1059 1989 Britanniae
1081 1923 1248 2010 principes
1277 1925 1385 1991 coniu-

212 2032 372 2097 rationem
394 2030 519 2095 faoiunt
535 2029 642 2119 (Caes.
667 2029 688 2096 l.
712 2029 733 2097 l.
757 2032 823 2119 30),
847 2041 1014 2116 pugnatur
1038 2030 1093 2120 (32
1119 2041 1151 2095 et
1174 2032 1239 2120 33),
1263 2041 1393 2102 secatae

213 2148 287 2207 aaut
310 2143 475 2207 coatiaaas
498 2142 673 2221 complures
694 2140 765 2206 dies
789 2146 985 2222 tempestates
1008 2137 1086 2227 (34),
1120 2137 1257 2204 veniunt
1286 2138 1388 2225 legati

214 2246 256 2309 de
279 2267 361 2332 pace
386 2244 463 2334 (36),
481 2249 669 2330 propinqua
693 2247 745 2313 die
767 2250 960 2330 aequinoctii
985 2283 1022 2296 -
1049 2250 1117 2330 ipse
1139 2248 1288 2315 idoneam
1311 2255 1390 2315 tem·

206 2362 362 2438 pestatcm
384 2364 522 2419 recoctus
539 2356 639 2435 paulo
657 2361 732 2435 post
754 2356 894 2421 mediam
917 2363 1036 2422 noctae
1059 2376 1156 2420 acces
1178 2357 1269 2421 solvit
1285 2352 1317 2443 (1.
1342 2353 1390 2444 h),

212 2482 296 2546 quae
320 2458 429 2524 omnia
451 2458 536 2522 inter
560 2458 673 2522 decem
696 2458 749 2527 vel
773 2459 960 2545 quindecim
984 2458 1054 2524 dies
1085 2457 1164 2522 mihi
1191 2459 1281 2525 facta
1315 2483 1389 2526 esse

212 2567 367 2636 uidentur
390 2564 520 2652 (Napol.
543 2564 564 2632 l.
589 2564 610 2632 l.
634 2565 791 2631 tredecim
815 2566 885 2631 dies
909 2567 1047 2648 effecit);
1083 2587 1161 2651 ergo
1184 2567 1219 2630 in
1243 2566 1387 2634 Galliam

211 2674 309 2739 rediit
326 2673 450 2739 Caesar
466 2682 606 2738 exeunte
622 2674 690 2738 fere
707 2672 796 2759 Sept.
814 2675 981 2754 (ra-15.
1000 2672 1089 2759 Sept.
1106 2671 1193 2751 lul).
1232 2673 1387 2761 Denique

212 2785 375 2850 hiscehice
403 2786 500 2867 pestis
523 2784 688 2850 extiteris
723 2782 875 2849 Caesaris
899 2784 1024 2850 dicrum
1050 2782 1124 2848 XX
1150 2784 1342 2864 supplicatio
1365 2807 1387 2851 a

211 2897 326 2956 seaata
349 2891 475 2956 decreta
503 2898 550 2957 est
576 2887 659 2974 (38),
692 2887 781 2973 quod
812 2894 953 2952 exeunte
977 2886 1049 2954 Oct.
1081 2885 1134 2953 vel
1164 2895 1312 2953 vertente
1342 2910 1387 2955 m.
1454 2972 1456 2977 Ι

211 2994 390 3059 Novembri
413 2994 535 3059 factum
559 3015 629 3058 esse
653 2994 768 3078 exiis,
793 3017 877 3080 quae
900 2994 982 3079 dixi,
1007 2995 1143 3060 conicio.

321 3103 375 3182 71)
399 3100 472 3182 Quo
496 3110 642 3186 tempore
657 3101 792 3187 Pompei
808 3101 970 3168 theatrum
986 3102 1174 3170 dedicatum
1188 3103 1297 3187 fuerit,
1320 3125 1387 3167 non

212 3209 289 3275 satis
314 3216 450 3274 constat.
497 3208 637 3272 Summis
662 3207 824 3273 caloribus
848 3208 952 3293 ludos,
977 3208 1094 3295 quibus
1117 3209 1279 3274 theatrum
1296 3209 1386 3275 dedi-

211 3326 351 3400 caretur,
384 3315 483 3398 fuisse
506 3315 719 3380 Drumannus
743 3315 804 3397 (IV
827 3317 906 3396 523)
934 3339 977 3380 ex
1000 3315 1126 3381 Valerii
1148 3316 1286 3381 Maximi
1314 3316 1389 3382 loco

211 3423 354 3508 quodam
378 3421 478 3510 (114,
503 3423 535 3511 6)
549 3420 735 3504 ›conclusit3
772 3444 856 3508 quae
880 3423 1040 3488 sententia
1063 3423 1194 3488 minime
1218 3432 1285 3489 tam
1310 3423 1384 3488 vilis

211 3540 269 3614 est,
293 3552 391 3614 quam
407 3528 477 3593 vult
493 3528 681 3593 Koernerus
698 3529 741 3619 (p.
766 3531 831 3618 34).
880 3529 945 3594 Sed
969 3529 1057 3595 idem
1073 3530 1285 3596 Drumannus
1302 3529 1334 3618 (Ι.
1351 3529 1390 3619 Ι.)

215 3636 394 3701 secundum
424 3634 634 3701 Plutarchum
670 3636 795 3726 (Pomp.
828 3637 883 3720 52,
916 3636 949 3726 5)
984 3646 1057 3723 post
1093 3637 1205 3703 Crassi
1241 3636 1390 3702 consulis

211 3744 315 3808 Roma
344 3743 523 3808 discessum
558 3755 589 3807 et
622 3742 802 3808 seeundum
825 3743 967 3811 Dionem
999 3743 1076 3831 (1.1.
1101 3744 1278 3834 380139)
1311 3752 1390 3830 post,

210 3849 377 3915 Hortensii
403 3849 510 3934 legem
541 3850 776 3936 sumptuariam
808 3850 1024 3916 disturbatam
1053 3850 1146 3916 ludos
1175 3849 1247 3915 illos
1279 3851 1389 3916 factos

211 3980 281 4021 esse
304 3957 463 4022 immerito
488 3957 664 4023 contendit.
711 3957 782 4022 Iam
805 3980 883 4021 vero
911 3980 1035 4043 pancos
1065 3966 1138 4043 post
1171 3957 1250 4045 dies,
1285 3978 1385 4044 quam

212 4065 326 4130 Cicero
350 4065 384 4128 in
407 4064 559 4129 Pisonem
583 4064 677 4149 dixit,
709 4064 802 4129 ludos
825 4065 930 4129 factos
954 4087 1024 4130 esse
1048 4088 1090 4129 ex
1113 4064 1290 4130 Pisoniana
1311 4064 1386 4150 ipsa

210 4173 242 4258 (ς
266 4171 320 4262 65)
345 4181 376 4236 et
400 4194 442 4235 ex
458 4172 600 4236 Asconio
618 4173 661 4259 (p.
682 4171 711 4262 1)
727 4180 828 4258 patet.
875 4172 977 4237 Porro
995 4195 1037 4236 ex
1061 4171 1206 4236 eiusdem
1230 4170 1389 4236 orationis-

210 4279 293 4365 §81
324 4288 356 4343 et
384 4278 427 4345 82
458 4288 593 4363 constat,
628 4302 691 4365 quo
722 4289 867 4364 tempore
893 4278 1007 4344 Cicero
1040 4279 1073 4342 in
1103 4279 1254 4344 Pisonem
1289 4276 1388 4362 dixit,
