2954 4748
715 211 759 276 30

147 385 247 468 (Sest.
274 389 329 459 tn:
353 396 510 458 consecuti
534 393 602 458 dies
620 394 723 474 ponci
748 426 787 438 ·-
812 392 868 457 scd
891 397 997 458 tameo
1021 401 1125 455 octotm
1150 392 1232 456 otltil
1258 391 1329 455 nisi

151 497 189 562 de
211 500 285 579 mc),
309 496 377 578 sed,
402 496 429 560 si
453 495 649 581 tardissime,
674 517 705 560 a.
722 495 754 560 d.
770 494 846 560 XV.
863 493 940 563 Kal.
956 494 1054 560 Febr.
1079 495 1169 568 (fam.
1187 494 1204 558 I
1226 495 1324 575 4,1).

167 689 168 697 ¹
256 606 314 682 24)
337 603 434 669 Hane
459 603 631 689 epistulam
655 613 728 689 post
759 601 932 687 epistulam
962 603 1005 668 26
1036 601 1150 667 datam
1179 622 1251 665 esse
1279 623 1325 664 ex

148 707 271 774 ultimis
295 711 363 775 eius
380 711 490 777 verbis
507 719 613 796 patet,
638 710 718 775 data
734 709 864 773 videtur
881 708 976 774 brevi
992 719 1066 794 post
1089 730 1188 794 quam
1205 707 1323 773 Cicero

150 815 313 882 derebus
337 840 368 883 a.
393 817 425 882 d.
449 817 544 882 VIII.
568 816 644 884 Kal.
670 817 768 882 Febr.
792 817 915 881 Romae
938 815 1040 900 gestis
1064 815 1183 880 certior
1214 814 1325 879 faetus

149 933 200 987 est
229 924 252 989 1.
286 947 315 990 e.
348 925 482 990 ineunte
506 924 625 1006 Febr,
662 923 822 1010 epistulae
857 924 943 988 euim
970 923 1075 987 Roma
1097 921 1324 1011 Dyrrachium

150 1029 344 1097 ferebantur
366 1031 504 1117 septimo
528 1032 596 1096 fere
621 1030 673 1095 die
697 1040 763 1117 (ep.
788 1029 832 1096 ad
855 1031 950 1096 Brut.
973 1029 1008 1094 Π
1031 1031 1063 1114 4,
1090 1032 1131 1114 1).

256 1139 313 1216 26)
337 1136 462 1202 Sestius
478 1147 518 1202 tr.
535 1135 580 1223 pl.
596 1136 789 1203 vulneratus
806 1146 854 1201 est
871 1137 904 1201 in
921 1135 1042 1222 templo
1059 1136 1216 1222 Castoris,
1233 1145 1322 1221 post-

147 1265 250 1329 quam
273 1243 430 1310 tumultus
453 1243 507 1309 ille
531 1267 562 1310 a.
587 1243 619 1309 d.
635 1244 729 1309 VIII.
745 1242 823 1309 Kal.
839 1244 937 1310 Febr.
961 1244 1023 1309 fuit
1039 1243 1137 1331 (Sest.
1156 1245 1197 1310 79
1221 1252 1324 1329 squ.);
1421 1247 1424 1252 ’

150 1357 297 1434 tempore
327 1349 480 1415 ludorum
502 1349 743 1435 Apollinarium
775 1351 920 1437 (6.-13.
944 1350 1091 1436 Quinet.)
1123 1349 1162 1414 L.
1187 1349 1324 1416 Caecilii

149 1455 225 1521 Rufi
247 1457 410 1541 praetoris
442 1457 556 1522 domus
580 1457 774 1542 obpugnata
802 1467 851 1521 est
874 1458 1008 1536 (Ascon.
1041 1481 1074 1543 p.
1104 1459 1148 1522 43
1171 1456 1324 1544 Κ.τ-8.);

147 1571 286 1646 tempore
316 1567 472 1643 ludorum,
503 1569 558 1650 qoi
597 1566 732 1632 Virtutes
763 1576 792 1632 ct
815 1565 957 1635 lionoris
991 1568 1178 1634 dicebantur
1201 1563 1323 1645 (Schol.

148 1669 233 1749 Bob.
259 1670 311 1734 ed.
336 1669 393 1736 Or.
417 1672 493 1754 305,
518 1670 630 1757 26)111
655 1671 776 1756 templo
800 1671 942 1736 Honoris
970 1682 1003 1736 et
1027 1671 1166 1735 Virtutis
1190 1681 1324 1736 senatus

152 1774 321 1841 Ciceronis
345 1776 483 1843 salutem
517 1778 638 1842 exteris
669 1778 856 1843 nationibus
891 1777 1134 1844 commendavit
1169 1779 1324 1865 civesque

150 1904 312 1967 romanos,
348 1894 384 1948 ut
407 1885 602 1969 suffragium
626 1885 675 1950 de'
690 1885 760 1950 eius
782 1885 892 1951 reditu
914 1885 1048 1971 ferrent,
1073 1885 1217 1971 undique
1245 1908 1322 1950 eon·
1375 1867 1378 1875 ¹

150 1991 284 2057 vocavit
307 1990 406 2077 (Sest.
433 1994 495 2058 116
519 2003 551 2057 et
577 1995 639 2059 111
664 1993 777 2059 Plano.
805 1993 877 2079 18),
901 1991 1020 2057 deiude
1044 1992 1077 2056 in
1094 1992 1214 2078 templo
1231 1993 1321 2058 Iovis

150 2095 329 2182 Capitolini
353 2097 573 2164 CCCCXVII
596 2109 775 2183 senatores,
803 2121 868 2164 uno
893 2098 1104 2164 dissentiente
1128 2098 1254 2182 Clodio,
1288 2110 1324 2165 ut

151 2202 268 2269 Cicero
292 2205 429 2288 veniret,
455 2205 682 2293 decreverunt,
708 2205 796 2292 quod
818 2228 929 2270 mense
946 2204 1104 2286 Quinetili
1128 2205 1252 2271 factum
1276 2206 1326 2269 vi·

153 2308 249 2374 detur
273 2332 353 2394 esse,
377 2311 455 2397 quia
472 2310 630 2376 Lentulus
654 2333 743 2377 eous.
768 2334 805 2375 eo
830 2322 975 2396 tempore
999 2310 1144 2376 fascibus
1167 2311 1326 2377 utebatur

151 2425 197 2504 (p.
220 2415 291 2480 red.
315 2416 359 2480 ad
390 2439 459 2482 sen.
483 2418 549 2503 26),
585 2439 681 2503 quem
711 2418 817 2481 fasces
848 2416 1001 2481 habuisse
1033 2440 1144 2482 meuse
1168 2418 1323 2483 Ianuario

152 2532 281 2588 constat
306 2525 352 2609 (p.
376 2523 446 2589 red.
463 2523 508 2588 ad
524 2524 607 2611 quir.
627 2517 851 2611 ll);'postero
876 2524 928 2589 die
953 2534 985 2588 et
1008 2525 1041 2588 in
1065 2525 1168 2609 curia,
1192 2548 1231 2592 ne
1252 2529 1326 2610 quis

151 2654 275 2699 morona
300 2636 399 2701 ollone
424 2635 565 2714 adferret
581 2631 679 2713 (Sest.
705 2634 792 2716 129),
818 2631 986 2696 decretum
1002 2641 1050 2696 est
1067 2642 1099 2696 et
1123 2632 1156 2695 in
1173 2632 1326 2697 contione

152 2736 310 2802 Lentulus
334 2760 422 2803 cons.
448 2738 653 2803 ornatissime
670 2738 837 2805 Ciceronis
861 2759 995 2802 causam
1026 2737 1093 2823 egit
1117 2747 1162 2823 (p.
1186 2737 1255 2805 red.
1281 2738 1326 2804 ad

153 2865 220 2908 sen.
244 2846 311 2928 26).

259 2954 315 3030 26)
331 2952 481 3038 Epistula
495 2953 574 3018 data
590 2963 649 3036 est,
662 2963 835 3039 postquam
847 2952 1000 3035 Quintus,
1010 2974 1110 3038 quam
1121 2951 1328 3018 mitissimam

153 3060 333 3124 orationem
356 3059 506 3125 Metellus
530 3083 619 3127 cons.
650 3061 684 3125 in
715 3070 831 3125 senatu
860 3059 1029 3126 habuisset
1053 3066 1086 3142 (ξ
1110 3062 1153 3141 2),
1188 3058 1327 3124 fratrem

152 3167 324 3232 certiorem
339 3167 436 3249 fecit,
460 3166 542 3232 tales
559 3190 638 3236 vero
654 3166 777 3232 Metelli
793 3166 956 3231 orationes
973 3165 1057 3231 duae
1073 3165 1167 3230 nobis
1183 3165 1328 3232 traditae

153 3284 239 3350 suut,
277 3273 382 3339 altera
406 3273 482 3338 Kal.
507 3275 578 3338 Ian.
603 3273 701 3354 (Sest.
727 3275 792 3359 12),
828 3273 932 3338 altera
956 3282 1081 3338 aestate
1105 3273 1139 3336 in
1163 3271 1328 3357 Capitolio

153 3380 267 3446 habita
303 3381 400 3466 (Sest.
436 3382 522 3467 130).
580 3381 690 3467 Atque
723 3380 808 3445 hane
848 3379 1036 3444 ulteriorem
1074 3379 1268 3444 orationem*
1292 3379 1326 3443 iu

152 3486 291 3573 epistula
315 3488 495 3572 significari
519 3486 688 3572 collegerit
720 3487 882 3574 quispiam
914 3510 956 3551 ex
988 3487 1049 3552 isto
1073 3489 1107 3571 (ξ
1133 3489 1183 3573 1);
1213 3499 1328 3570 posteo

153 3599 233 3662 milei
255 3619 318 3664 oon
335 3605 401 3664 toto
418 3619 556 3664 coecorum
581 3600 694 3665 literne
717 3605 779 3660 cte.
804 3595 933 3660 conlato
957 3618 1031 3660 cum
1047 3594 1154 3659 Dione
1170 3593 1328 3658 XXXIX

154 3702 252 3785 6-8,
286 3702 385 3788 idque
417 3725 533 3768 revera
565 3702 643 3766 feeit
667 3701 815 3787 Langins
848 3712 893 3788 (p.
928 3705 993 3769 312
1027 3702 1103 3768 adu.
1131 3705 1201 3782 11),
1237 3702 1328 3787 quod

155 3819 271 3874 eontra
295 3809 436 3874 editores
461 3810 684 3896 epistularum,
709 3809 787 3873 dum
811 3809 983 3895 epistulam
1000 3809 1029 3873 V
1046 3811 1068 3873 4
1083 3809 1214 3874 ineunte
1239 3830 1327 3874 anno

152 3915 266 4001 datam
289 3939 358 3981 esse
382 3916 506 4002 volunt,
539 3940 613 3982 cum
638 3916 788 3983 Grubero
813 3917 854 3982 de
885 3918 993 4002 priore
1009 3996 1010 4000 Ἰ
1025 3917 1170 3982 oratioue
1203 3916 1328 4000 cogita-

152 4033 282 4088 verunt.
327 4023 489 4110 Equidem
512 4023 591 4089 nihil
615 4024 696 4089 certi
721 4023 849 4088 definiri
873 4047 967 4110 posse
991 4034 1087 4110 puto,
1120 4022 1216 4089 facile
1240 4022 1329 4088 enim

151 4131 224 4197 fieri
247 4133 364 4217 potuit,
387 4143 424 4197 nt
447 4131 528 4198 alias
545 4155 673 4219 quoque
689 4132 877 4196 mitissimas
894 4132 1057 4197 orationes
1074 4129 1222 4196 Metellus
1239 4152 1328 4195 anno

152 4239 207 4304 illo
231 4240 264 4303 iu
289 4241 434 4304 favorem
452 4239 619 4305 Ciceronis
643 4239 791 4304 haberet.
839 4220 904 4303 Sed
928 4238 1059 4304 ineunte
1084 4261 1168 4302 anno
1186 4235 1329 4321 epistula
