2954 4748
718 281 761 346 45

147 455 212 522 illa·
230 457 352 543 scripta
377 465 435 542 θεῖ,
459 467 632 543 postquam
656 456 797 538 Quintus
822 458 937 523 Cicero
962 481 1004 523 cx
1021 459 1175 524 Sardinia
1191 460 1328 527 Romam

147 564 248 631 rediit
271 565 361 648 (fam.
386 563 402 627 I
426 566 527 648 ato),
561 563 595 628 id
619 563 707 650 quod
731 564 853 630 factum
877 576 925 630 θεῖ
955 565 1121 652 aliquanto
1152 577 1225 654 post
1247 567 1331 633 Idus·

147 673 257 739 Maias
282 672 359 754 (Qu
383 672 422 737 fr.
447 671 550 754 116),
582 681 679 757 atque
710 671 771 736 hoc
795 671 909 737 eodem
933 680 1078 758 tempore
1102 673 1199 740 etiam
1224 675 1327 741 oratio

148 781 192 846 de
221 801 313 864 prov.
339 800 427 844 cons,
452 801 473 846 a
496 777 655 843 Cicerone
678 777 792 842 habita
814 788 863 843 est
886 779 976 863 (vide
1000 779 1076 845 adn.
1100 781 1167 867 52).
1210 780 1330 867 Itaque

148 887 194 954 ad
209 950 212 954 ,
226 885 418 960 Mommseni
454 885 657 969 sententiam,
701 908 785 971 quae
816 885 956 963 Nisseuo
990 910 1118 973 quoque
1149 887 1326 961 admodum

148 993 291 1082 probata
313 1004 371 1076 θεῖ,
396 991 520 1077 etipse
544 991 676 1060 accedo.

256 1100 356 1166 Hisce
388 1098 575 1185 praemissis
605 1097 702 1164 facile
737 1108 786 1164 est
817 1099 860 1165 ad
897 1101 1171 1185 cognoscendum,
1207 1101 1330 1187 quibus-

150 1206 350 1294 temporibus
373 1205 530 1292 epistulae
561 1205 604 1271 ad
628 1208 696 1274 Αῖῖ.
719 1208 783 1290 4b,
808 1209 840 1291 5,
864 1210 895 1293 6,
920 1208 973 1274 8a
1004 1209 1101 1273 datae
1131 1209 1205 1277 sint.
1249 1209 1326 1294 Epi·
1410 1202 1412 1206 ⁴

150 1315 236 1381 stola
258 1315 345 1380 enim
369 1316 390 1378 ἶ)
415 1313 493 1378 data
516 1322 564 1377 θεῖ
587 1313 685 1399 paulo
710 1325 783 1400 post
806 1337 904 1400 quam
929 1315 1045 1382 Cicero
1075 1316 1253 1382 oraticnem
1269 1315 1326 1381 ⁴de

140 1446 243 1508 prov.
267 1445 367 1507 cons,
392 1444 490 1507 quam
505 1444 615 1486 mense
631 1421 725 1487 lunio
742 1421 866 1506 habuit,
890 1422 1034 1507 scripsit3
1059 1422 1230 1508 epistulam
1247 1444 1330 1487 vero·

146 1531 207 1605 4b
233 1528 454 1615 compluribus
478 1528 593 1593 diebus
618 1541 693 1593 ante
717 1551 767 1615 ep.
792 1531 813 1593 ἶ)
837 1529 993 1615 scriptam
1016 1552 1087 1595 esse
1112 1553 1153 1594 ex
1170 1530 1209 1594 iis
1225 1538 1324 1615 patet,
1389 1551 1391 1556 ⁴

148 1660 235 1724 quae
258 1637 291 1702 in
315 1634 418 1701 altera
441 1645 538 1722 atque
562 1635 665 1701 altera
689 1637 730 1701 de
754 1636 895 1701 librariis
920 1636 961 1701 ab
978 1637 1087 1702 Attico
1104 1637 1269 1702 mittendis
1286 1660 1325 1702 ac
1437 1695 1440 1701 .

148 1745 257 1808 missis
280 1742 506 1829 disputantur3
535 1766 632 1828 porro
657 1742 829 1828 epistulam
853 1746 873 1808 6
897 1743 995 1828 paulo
1019 1755 1092 1829 post
1115 1767 1165 1829 ep.
1190 1746 1211 1809 5
1236 1744 1331 1816 dedit.

150 1851 278 1938 Cicero,
309 1850 463 1936 quoniam
487 1851 520 1914 in
544 1851 594 1934 iis,
623 1874 707 1936 quae
738 1851 771 1914 in
805 1873 855 1935 ep.
885 1853 906 1915 6
931 1850 972 1914 de
995 1874 1082 1916 nova
1105 1873 1165 1917 sua
1193 1851 1324 1916 coniun-

148 1958 256 2036 ctione
280 1981 355 2023 cum
378 1957 520 2023 Caesare
543 1968 575 2021 ct
597 1957 752 2042 Pompeio
776 1958 864 2022 lacta
887 1957 1027 2038 disserit,
1058 1957 1196 2045 epistula
1220 1959 1241 2021 5
1265 1980 1328 2043 pro

146 2065 360 2131 fundamento
384 2064 500 2146 utitur3
524 2074 687 2149 postremo
703 2087 754 2148 ep.
771 2064 822 2131 8a
837 2063 915 2128 data
931 2073 988 2148 θεῖ,
1012 2063 1046 2127 id
1064 2064 1149 2150 quod
1167 2087 1216 2147 aa,
1241 2087 1325 2149 quac

149 2172 191 2238 de
214 2171 331 2237 iisdem
352 2171 495 2236 librariis
519 2171 552 2235 in
577 2194 617 2235 aa
638 2170 802 2255 leguntur,
827 2171 954 2238 docent.
995 2170 1121 2237 Omnes·
1140 2183 1259 2256 autem,
1283 2171 1324 2236 de

151 2279 270 2366 quibus
293 2279 354 2344 hoc
378 2279 449 2344 loco
473 2279 526 2362 egi
550 2277 705 2364 epistulia,
729 2279 828 2344 Antio
852 2279 951 2345 datae
975 2289 1049 2343 sunt
1073 2280 1221 2365 (cfr.·ep.
1247 2279 1322 2362 Sa).

256 2389 312 2473 oo)
337 2385 409 2467 Quo
434 2395 579 2471 tempore
596 2386 711 2451 Cicero
736 2386 777 2451 de
793 2386 970 2472 provinciis
987 2386 1212 2451 consularibus
1229 2386 1328 2475 dixit„

148 2495 323 2580 Pompeius
347 2495 470 2558 Romae
493 2493 639 2558 nondum
662 2493 806 2558 adfuisse
835 2494 976 2580 videtur,
1009 2495 1086 2581 quia
1118 2495 1151 2559 in
1182 2518 1221 2559 ea
1252 2517 1323 2559 ora·
1398 2497 1399 2501 ’
1468 2574 1472 2583 ι

148 2602 238 2667 tione
262 2624 417 2687 praesens
442 2624 512 2665 esse
543 2623 607 2665 non
641 2616 929 2684 commemoratum
965 2625 1040 2667 cum
1073 2614 1182 2668 autem
1206 2602 1327 2668 Cicero·

148 2731 260 2774 meuse
285 2708 377 2773 lunio
410 2707 462 2772 vel
486 2707 643 2789 Quinctili
676 2708 718 2772 ad
742 2708 918 2773 Lentulum
942 2733 993 2794 ep.
1019 2711 1034 2772 l
1061 2711 1078 2775 7
1104 2709 1204 2792 dedit,
1228 2709 1323 2794 Pom-

149 2817 250 2904 peius.
261 2816 329 2881 iam
344 2839 404 2901 per
420 2814 552 2901 aliquod
568 2827 696 2901 tempus
712 2815 834 2880 Romae
847 2817 954 2881 luerat
970 2817 1028 2882 cfr.
1047 2824 1066 2898 ξ
1082 2820 1116 2882 3:
1144 2820 1327 2901 Pompeiam.

151 2929 208 3010 qui
231 2947 351 2991 merrom
378 2962 412 2972 -
442 2926 480 2990 de
502 2932 531 2990 te
554 2929 788 2991 rontonnacum
818 2928 910 3005 solea
945 2946 1046 3009 quare
1070 2934 1146 2988 ante
1179 2946 1323 2989 mensem

149 3031 281 3112 Quinct.
306 3030 443 3094 Romam
466 3030 602 3095 rediisse
621 3030 767 3114 ridetur,
799 3031 1091 3115 praesertimcum
1115 3031 1185 3116 ipse
1210 3031 1323 3096 consul

149 3137 317 3222 designari
341 3136 552 3208 desideraret.
1061 3209 1064 3213 ‚

256 3245 313 3327 66)
337 3244 389 3308 De
406 3243 468 3308 hac
484 3243 622 3329 epistula
638 3254 726 3308 recte
743 3244 888 3329 disputat
902 3244 1090 3311 Koernerus
1107 3251 1152 3331 (p,
1165 3247 1324 3332 23—24),

151 3352 222 3436 etsi,
247 3351 324 3415 dum
348 3351 539 3423 circaldus
564 3351 696 3433 Quinct.
722 3375 794 3416 eam
819 3352 931 3417 datam
963 3376 1033 3418 esse
1067 3353 1189 3438 definit,
1225 3353 1326 3417 nimis.

148 3458 228 3523 mihi
251 3467 378 3543 tempus
402 3459 560 3544 epistulae
584 3460 787 3524 contraxisse
811 3460 953 3527 videtur.

256 3567 313 3648 bl)
337 3566 401 3630 Pro
418 3565 524 3631 Balbo
549 3566 634 3630 dixit
651 3567 779 3654 Cicero,
803 3579 977 3655 postquam
993 3591 1079 3659 anno
1096 3570 1139 3633 66
1156 3568 1189 3632 in
1206 3577 1321 3633 senatu

149 3672 191 3738 dc
214 3673 392 3758 provinciis
425 3673 548 3740 consul.
581 3684 688 3738 actum
713 3685 761 3738 est
793 3681 827 3758 (ξ
850 3678 906 3760 61)
939 3687 970 3739 θῖ
992 3675 1176 3760 Pompeius,
1211 3676 1327 3761 quiet

149 3781 218 3865 ipse
249 3803 303 3845 reo
335 3779 441 3844 adfuit
465 3787 498 3864 (ξ
533 3784 578 3864 2),
614 3781 658 3860 ad
690 3782 804 3846 urbem
837 3783 944 3866 rediit,
981 3783 1039 3847 sed
1073 3793 1147 3847 ante
1184 3782 1321 3848 alt-erum

147 3887 284 3972 Pompei
307 3886 520 3971 consulatum,
556 3889 677 3975 quippe
701 3889 792 3954 cuius
815 3890 849 3954 in
872 3899 918 3954 tot
948 3891 1040 3955 liuius
1073 3891 1136 3954 viri
1168 3890 1325 3956 laudibus·
1444 3900 1446 3904 ’

149 3999 183 4081 (ξ
206 3995 330 4073 9-17)
354 3993 444 4060 nulla
476 3995 509 4058 in
543 3997 689 4061 oratione
720 3998 812 4062 fieret
845 3998 975 4082 mentio,
1011 4008 1043 4062 et
1075 4009 1149 4063 ante
1182 3998 1319 4065 hiemem

150 4107 183 4185 (ξ
208 4102 271 4166 64ε
295 4105 524 4188 sedquoniam
551 4105 585 4171 Ο.
613 4105 735 4172 Onesor
759 4109 842 4172 diest
865 4110 1073 4191 loopissitue).
1170 4163 1171 4166 ,

256 4208 312 4292 68)
337 4208 536 4295 Κοθθιιθεεε,
572 4210 628 4296 qui
663 4211 706 4299 (p.
739 4213 793 4301 26)
830 4211 914 4277 hanc
947 4236 998 4298 ep.
1032 4214 1122 4281 circa
1156 4212 1207 4280 ld.
1233 4213 1318 4281 Nor.

149 4315 261 4380 datam
284 4337 354 4380 esse
378 4316 517 4402 scripsit,
548 4319 655 4382 minus
679 4329 767 4383 recte
790 4319 953 4384 iudicasse
976 4319 1055 4384 mihi
1079 4320 1219 4386 videtur.
1267 4320 1320 4385 Ex
