2954 4748
712 174 756 236 40

146 351 180 414 in
204 372 303 415 unam
327 347 499 434 epistulam
524 359 631 415 essent
654 349 867 415 coniciendae
891 357 923 414 et
948 349 1063 414 eodem
1088 348 1151 432 die,
1176 371 1226 414 oa.
1243 348 1322 414 Kal.-

149 458 243 541 Aprt,
267 467 375 523 essent
399 454 506 542 datae,
532 455 647 521 Cicero
672 478 731 540 per
754 455 947 542 quindecim
958 455 1027 520 dies
1044 478 1147 541 usque
1163 455 1207 520 ad
1223 455 1321 521 finem

148 585 191 629 m.
216 562 325 627 Martii
350 561 482 646 nullam,
508 586 566 648 per
591 550 703 627 decem
728 563 809 645 dies,
840 563 897 648 qui
921 571 1086 646 secuntur,
1111 572 1177 626 tres
1202 584 1321 648 easque

148 669 316 735 uberiores
340 669 495 754 epistulas
524 669 566 734 ad
600 670 733 734 fratrem
763 669 918 752 dedisset,
954 668 1052 754 quod,
1085 690 1160 733 oum
1188 669 1322 734 ineunte

148 777 230 861 Apr.
255 775 335 840 nihil
358 775 454 840 ullius
477 776 632 840 momenti
655 776 840 856 accidisset,
866 798 944 841 sane
968 776 1085 840 mirum
1104 788 1204 841 esset.

257 884 369 965 Quare
393 905 454 966 ego
478 883 526 948 ita
549 893 675 948 statuoz
701 891 721 964 8
748 887 832 949 1-2
856 893 887 947 et
911 884 1032 966 §.t-l
1050 904 1113 948 nou
1130 906 1241 965 unaur,
1265 882 1322 946 sed

149 991 232 1056 duas
257 1001 326 1055 ess'c
352 988 507 1075 epistulas
532 1000 630 1075 atque
655 991 773 1075 prioris
789 988 947 1075 epistulae
971 992 1003 1078 (ξ
1029 992 1125 1078 1-2)
1142 999 1323 1055 extremam

150 1109 278 1183 partem
302 1098 440 1162 fortasse
464 1097 679 1184 intercidisse,
704 1097 837 1162 alterius
862 1100 893 1186 (ᾗ
917 1099 1016 1187 3-7)
1040 1097 1178 1182 primam
1195 1108 1324 1182 partem

149 1215 237 1270 certo
261 1204 439 1284 interiisse,
475 1204 564 1289 prior
587 1227 638 1289 ep.
664 1204 743 1268 data
774 1214 822 1268 est
854 1204 951 1289 paulo
981 1217 1054 1289 post
1087 1203 1323 1271 absolutionem

150 1311 257 1394 Sestii,
295 1311 399 1376 altera
427 1333 505 1375 vero
540 1333 580 1375 ea
604 1311 676 1396 ipsa
712 1323 771 1393 cst,
807 1333 905 1396 quam
937 1322 1169 1376 commemorat
1197 1310 1323 1376 Tullius

150 1417 243 1482 initio
266 1417 426 1502 epistulae
450 1418 614 1502 sequentis
632 1418 708 1505 (Qu.
732 1420 772 1483 fr.
797 1417 831 1482 ll
854 1419 897 1505 5),
921 1418 956 1483 in
979 1441 1044 1503 qua
1060 1417 1201 1482 Tulliam
1223 1416 1325 1481 filiam
1409 1443 1414 1457 ·

150 1547 200 1616 pr.
224 1524 308 1590 Non.
333 1524 414 1609 Apr.
440 1524 630 1609 Crassipedi
654 1524 885 1608 desponsatam
909 1547 978 1588 esse
1002 1524 1159 1609 scriptum
1183 1534 1266 1606 erat,
1290 1524 1324 1588 id

149 1630 236 1716 quod
260 1631 437 1713 intercidit,
473 1642 647 1717 ceteraque
671 1631 712 1695 de
746 1654 780 1695 re
815 1631 948 1716 publica
983 1632 1177 1717 privataque
1208 1631 1325 1696 addita

87 1795 89 1799 .
149 1747 254 1819 eraut,
279 1759 363 1822 quae
387 1747 537 1818 exstant,
563 1736 666 1802 altera
689 1738 791 1820 igitur
806 1761 857 1822 ep.
875 1737 954 1803 data
970 1748 1019 1801 est
1031 1737 1121 1822 prid.
1140 1737 1224 1804 Non.
1240 1739 1325 1823 Apr.

149 1844 279 1928 vesperi
303 1845 355 1908 vel
380 1844 482 1909 Nonis
506 1867 611 1910 mane.
1319 1917 1326 1933 κ

258 1952 313 2038 45)
339 1949 442 2016 Caelii
472 1950 627 2029 iudicium
660 1952 721 2015 fuit
753 1955 862 2018 diebos
889 1955 982 2032 festia
1015 1955 1160 2036 {talisque
1184 1955 1326 2035 puhlicis
1377 1963 1382 1969 ’

152 2057 255 2144 (Cael.
283 2061 331 2147 1);
357 2056 411 2121 alii
434 2080 522 2121 vero
537 2057 603 2121 ludi
629 2057 751 2142 publici
775 2057 941 2121 mensibus
964 2058 1083 2121 Martio
1100 2070 1132 2120 ct
1148 2056 1255 2142 Aprili
1280 2099 1325 2108 -

149 2163 239 2228 hisce
267 2164 431 2228 mensibus
454 2166 632 2228 orationem
654 2163 742 2228 illam
771 2163 918 2229 habitam
949 2186 1019 2228 esse
1043 2188 1085 2228 ex
1109 2165 1147 2226 iis
1174 2163 1324 2251 adparet,

149 2294 233 2356 quae
250 2270 291 2335 de
303 2272 403 2336 Sexto
415 2253 529 2336 Clodio
547 2272 579 2334 in
597 2293 636 2335 ea
649 2273 680 2360 (ξ
692 2272 743 2359 78)
760 2270 936 2335 traduntur
952 2272 1010 2336 cfr.
1025 2271 1088 2352 Qu.
1098 2272 1138 2337 fr.
1149 2270 1182 2335 ll
1197 2273 1229 2356 4,
1243 2272 1264 2337 6
1280 2312 1325 2320 -

149 2399 214 2442 non
231 2378 355 2443 fiebant
372 2378 434 2442 nisi
450 2377 655 2462 Megalensia
671 2366 814 2466 (4.-10.
831 2378 926 2467 Apr.)
942 2388 974 2442 et
992 2378 1142 2444 Cerealia
1158 2378 1326 2467 (la-19.

148 2485 262 2572 Apr.),
286 2507 383 2570 porro
401 2485 442 2549 de
460 2484 651 2551 Cerealibus
674 2484 824 2551 hocloco
848 2485 988 2570 cogitari
1003 2486 1125 2571 nequit,
1150 2494 1327 2571 propterca

149 2592 238 2678 quod
271 2592 387 2658 Cicero
422 2614 453 2659 a.
486 2592 517 2659 d.
542 2592 601 2658 VI.
625 2592 676 2660 Id.
705 2594 787 2678 Apr.
817 2593 922 2658 Roma
952 2592 985 2656 in
1009 2591 1105 2657 villas
1140 2592 1232 2675 abiit,
1266 2593 1326 2658 ubi

148 2722 255 2785 usque
280 2699 322 2764 ad
347 2698 432 2783 prid.
448 2698 533 2765 Non.
550 2699 628 2766 Mai.
652 2721 825 2764 mansurus
849 2710 922 2764 erat
938 2699 1015 2787 (Qu.
1038 2699 1078 2764 fr.
1102 2699 1136 2762 11
1160 2699 1191 2785 5,
1208 2700 1325 2788 3-4);

150 2828 229 2890 ergo
254 2828 301 2872 or.
326 2828 386 2891 pro
411 2804 523 2871 Caelio
546 2805 661 2871 habita
683 2816 733 2870 est
762 2815 909 2891 tempore
932 2805 1181 2890 Megalensium.
1229 2806 1327 2887 Quae

150 2934 224 2976 oum
248 2912 296 2978 ita
319 2913 394 2995 sint,
418 2912 559 2977 libenter
574 2912 743 2977 Koernero
767 2914 811 3000 (p.
837 2913 890 3000 18)
914 2912 1095 2977 orationem
1118 2913 1224 2997 pridie
1240 2913 1327 2981 Non.

149 3020 230 3103 Apr.
255 3018 403 3084 habitam
427 3042 496 3085 esse
521 3019 683 3100 concedo,
714 3041 790 3084 nam
822 3019 856 3083 in
879 3042 931 3104 ep.
955 3019 999 3083 ad
1024 3019 1087 3100 Qu.
1111 3020 1150 3086 fr.
1175 3019 1209 3083 Il
1233 3023 1254 3083 ἵ)
1284 3020 1326 3085 de

148 3124 251 3189 Nonis
275 3137 307 3190 et
331 3126 396 3211 qui·
410 3149 464 3190 eas
489 3124 558 3189 dies
582 3126 683 3189 secuti
708 3135 793 3210 sunt,
818 3126 948 3211 copiose
971 3125 1103 3211 quidem
1128 3125 1325 3216 disputatur,

152 3232 307 3297 orationis
332 3242 440 3298 autem
464 3231 596 3297 habitae
620 3233 739 3296 mentio
764 3231 853 3296 nulle
875 3233 922 3298 fit.

260 3339 371 3404 Caelio
403 3352 533 3424 praeter
557 3339 750 3405 Ciceronem
773 3341 818 3406 M.
843 3340 981 3405 Crassus
1005 3340 1110 3405 adfuit
1133 3339 1235 3428 (Cael.
1259 3343 1327 3428 23),

149 3445 206 3531 qui
236 3456 310 3531 post
332 3445 445 3510 Nonas
477 3446 624 3530 protinus
658 3446 700 3510 ad
726 3446 902 3511 Caesarem
933 3447 1126 3510 Ravennam
1158 3448 1326 3531 profectus

150 3562 199 3616 est
223 3552 311 3641 (fam.
336 3554 352 3617 l
377 3556 408 3635 9,
433 3554 475 3641 9).

255 3661 310 3747 46)
335 3658 447 3723 Verba
480 3660 511 3747 (ξ
535 3659 588 3746 6);
620 3661 750 3742 Appias
785 3685 805 3727 a
842 3661 981 3728 Caesare
1011 3664 1151 3728 comam
1183 3665 1325 3728 redierat

149 3764 368 3831 Mommscnus
392 3764 427 3855 (l.
449 3764 469 3832 l.
495 3788 526 3850 p.
551 3765 627 3854 598)
663 3766 953 3850 interrogationem
981 3789 1051 3831 esse
1073 3767 1324 3852 interpretatum

150 3871 208 3936 sed
243 3871 322 3957 quid
358 3894 477 3937 causae
500 3870 652 3936 habuerit
684 3871 799 3937 Cicero
835 3894 908 3937 eam
941 3895 1010 3936 rem
1044 3874 1160 3938 fratem
1184 3873 1325 3957 rogandi

148 3978 269 4062 nescio,
305 4000 379 4043 oum
402 3979 435 4041 in
459 3976 555 4043 ltalia
578 3978 651 4063 ipsa
675 3977 715 4042 de
740 3978 842 4063 Appii
871 3979 978 4043 reditu
1009 3979 1170 4044 sciscitari
1200 3991 1324 4065 posset,

149 4107 252 4175 quare
275 4085 385 4150 verbis
408 4083 471 4150 illis
487 4085 619 4151 Marcus
642 4086 777 4150 fratrem
801 4108 835 4149 se
860 4085 901 4150 de
917 4086 1018 4171 Appii
1042 4085 1149 4150 reditu
1166 4084 1324 4151 nihildum

151 4191 317 4259 audivisse
349 4192 499 4258 docuisse
530 4192 670 4258 videtur.
717 4191 831 4275 Pergit
861 4193 1095 4258 Mommsenus:
1132 4192 1201 4256 ‘der
1233 4193 1329 4258 Brief
