2954 4748
716 292 757 355 iti

146 488 180 530 se
204 468 237 530 in
265 466 359 531 ludos
390 459 523 532 cansam
556 469 705 533 conicere
737 468 888 553 noluisse,
923 493 987 535 non
1024 473 1206 558 perspicio3
1243 472 1321 557 quin

147 573 243 637 immo
262 573 376 639 Cicero
401 573 489 638 hisce
512 575 637 640 verbis:
662 585 690 643 tc
714 580 831 644 ideirco
855 582 891 644 io
913 582 1004 646 iudos
1028 603 1160 647 ceresam
1185 585 1324 647 conicere

146 686 284 749 noluisse
306 703 440 746 causam
464 683 497 745 in
520 681 614 746 ludos
638 683 820 747 conlectam
844 706 914 748 esse
937 685 1016 748 mihi
1041 686 1173 771 quidem
1196 707 1323 770 negare

152 788 299 871 videtur,
335 799 482 853 extrema
506 799 615 853 autem
639 789 742 854 verba
766 789 840 855 illa:
876 797 947 858 sine
981 799 1080 860 tensis
1111 802 1214 860 aretem
1246 796 1324 878 quid

147 918 280 977 possem
304 899 415 975 dicere,
440 895 558 981 quibus
582 895 744 962 Koerneri
768 897 931 962 sententia
955 899 1098 962 maxime
1122 899 1244 982 nititur,
1277 899 1325 964 ita

147 1000 399 1086 interpretanda
422 1002 589 1066 videntur:
625 1003 652 1066 si
677 1002 717 1066 de
746 1004 856 1090 tensiS,
893 1027 992 1090 quam
1015 1028 1084 1069 rem
1119 1015 1155 1069 tu
1187 1005 1324 1070 maximi

147 1107 244 1191 facis,
270 1108 380 1173 dicere
403 1131 468 1172 non
492 1132 634 1195 possum,
660 1109 738 1195 quid
763 1110 851 1175 aliud
877 1111 987 1176 dicere
1011 1113 1150 1198 potero?
1176 1112 1324 1197 Accedit,

148 1215 410 1300 quod'A‘s'ccnius
427 1216 511 1280 inter
524 1216 736 1281 Vatinianam
752 1226 784 1282 et
796 1217 1013 1283 Scaurianam
1030 1219 1210 1283 orationem
1227 1219 1324 1283 aliam

148 1323 325 1406 enarravit,
350 1345 448 1409 quam
464 1323 680 1388 Plancianam
703 1324 803 1388 fuisse
828 1335 953 1390 certum
969 1325 1100 1390 videtur
1116 1327 1188 1406 (cfr.
1205 1325 1324 1392 introd.

149 1430 192 1494 ad
217 1431 293 1496 Asc.
318 1431 352 1494 in
376 1430 454 1495 edit.
478 1431 571 1497 K.-S.
600 1455 632 1516 p.
657 1431 746 1520 XV).
793 1432 945 1518 Denique
972 1433 1006 1496 in
1038 1455 1088 1519 ep.
1122 1433 1164 1497 ad
1189 1431 1252 1514 Qu.
1284 1432 1324 1498 fr.

147 1538 199 1600 ΙΙΙ
269 1540 300 1623 (ς’
326 1541 357 1623 1)
381 1560 415 1601 se
438 1537 589 1602 ludorum
613 1539 729 1603 diebus
753 1539 786 1602 in
803 1539 955 1625 Arpinati
980 1562 1014 1604 se
1037 1539 1191 1604 refecisse
1209 1539 1325 1605 Cicero
1370 1550 1373 1554 ’

150 1645 328 1728 profitetur.

255 1753 310 1837 91)
335 1752 388 1816 Ab
413 1753 526 1817 amicis
551 1752 592 1816 de
616 1762 719 1817 morte
741 1752 828 1817 filiae
853 1752 1031 1819 Caesarem
1055 1754 1227 1818 certiorem
1252 1775 1323 1817 esse

149 1858 271 1921 factum
294 1858 328 1922 in
353 1859 502 1925 litoribus
520 1858 659 1942 Galliae,
683 1869 720 1923 ut
736 1859 877 1945 primum
894 1883 911 1924 e
927 1860 1101 1925 Britannia
1125 1860 1325 1946 revertisset,

148 1964 344 2031 Plutarchus
377 1967 485 2053 (Caes.
520 1968 576 2052 23)
611 1966 700 2030 testis
736 1976 800 2049 est3
836 1967 894 2031 sed
931 1989 960 2033 a.
997 1967 1029 2033 d.
1054 1967 1112 2033 VI.
1138 1967 1215 2033 Kal.
1250 1965 1324 2033 Oct.

149 2072 273 2138 Caesar
305 2073 486 2138 exercitum
515 2096 532 2137 e
556 2071 728 2137 Britannia
757 2073 947 2158 reportabat
971 2074 1052 2152 (Att.
1077 2074 1126 2138 IV
1152 2074 1203 2157 18,
1228 2075 1262 2153 5)
1294 2082 1327 2138 et

148 2181 218 2266 ipse
241 2203 352 2244 mense
377 2179 449 2246 Oct.
475 2189 549 2245 ante
573 2180 653 2244 idus
677 2181 710 2244 in
736 2179 879 2246 Galliam
902 2181 1069 2245 traiecisse
1093 2181 1225 2247 videtur
1253 2181 1325 2266 (cfr.

150 2287 225 2352 adn.
251 2289 330 2372 94),
355 2309 451 2372 porro
476 2287 633 2373 epistulae
649 2287 753 2352 Roma
777 2287 810 2351 in
834 2288 1041 2352 Britanniam
1064 2287 1254 2352 ferebantur
1279 2310 1327 2351 se-

149 2396 251 2479 ptimo
278 2396 346 2459 fere
370 2405 400 2458 et
424 2395 578 2459 vicesimo
603 2395 656 2458 die
680 2395 751 2478 (cfr.
777 2395 853 2460 adn.
879 2396 944 2478 86),
968 2394 1040 2459 illas
1058 2418 1137 2460 vero
1154 2395 1267 2461 literas
1284 2394 1327 2458 de

148 2510 216 2566 tam
240 2503 335 2586 gravi
359 2525 394 2566 re
419 2502 461 2567 ab
486 2502 598 2566 amicis
623 2501 666 2566 ad
683 2502 860 2568 Caesarem
883 2501 980 2566 datas
1006 2502 1165 2566 maturius
1182 2501 1326 2587 perlatas

149 2633 218 2674 esse
243 2633 301 2695 pro
326 2619 414 2674 certo
439 2609 626 2674 habendum
651 2619 708 2676 est.
756 2609 849 2691 Quae
874 2603 1017 2673 comita
1047 2609 1120 2692 sint,
1150 2608 1228 2672 mihi
1259 2631 1324 2673 non

150 2729 198 2781 est
223 2717 369 2800 dubium,
395 2717 471 2803 quin
496 2717 581 2781 Iulia
604 2739 714 2781 mense
739 2717 828 2802 Sept.
852 2726 988 2780 mortem
1012 2715 1138 2781 obierit.
1185 2715 1324 2780 Fallitur

76 2845 77 2848 ¹
150 2823 252 2906 igitur
275 2824 440 2907 Bergkius
457 2823 633 2900 (Fleckeis
660 2846 735 2889 ann.
760 2824 865 2909 suppl.
889 2823 954 2888 vol.
969 2822 1057 2886 Xlll
1081 2845 1113 2908 p.
1138 2823 1203 2887 622
1227 2828 1324 2908 squ),

151 2952 246 3015 quem
263 2940 392 2993 secutus
410 2939 459 2993 est
474 2929 662 2994 Koernerus
682 2936 727 3016 (p.
752 2931 796 2994 54
820 2929 897 2994 adn.
914 2931 958 3017 3),
985 2928 1063 2993 dum
1079 2929 1169 2993 cirea
1186 2953 1215 2995 a.
1233 2928 1265 2994 d.
1283 2929 1324 2995 V.

152 3036 226 3103 Kal.
245 3036 334 3122 Sept.
352 3036 469 3100 Iuliam
485 3048 646 3101 mortuam
665 3059 734 3100 esse
752 3036 937 3117 contendit3
955 3036 1068 3122 quain
1085 3059 1120 3099 re
1137 3035 1327 3100 Koernerus

150 3167 187 3209 eo
213 3145 320 3228 magis
344 3144 456 3229 lapsus
481 3154 538 3230 est,
569 3142 657 3229 quod
681 3143 751 3229 ipse
775 3153 820 3228 (p.
845 3145 899 3225 60)
924 3142 1022 3228 paulo
1048 3153 1123 3207 ante
1147 3142 1226 3207 Idus
1252 3141 1325 3208 Oct.

151 3252 281 3316 demum
305 3252 482 3317 Caesarem
512 3250 726 3315 eBritannia
757 3249 894 3314 rediisse
926 3249 1067 3336 probare
1099 3258 1233 3314 conatus
1267 3258 1325 3316 est.

149 3359 301 3444 Denique
324 3359 443 3424 Iuliam
465 3366 627 3422 mortuam
651 3380 721 3422 esse
751 3365 896 3442 tempore
920 3356 1071 3422 ludorum
1094 3357 1326 3440 Romanorum,

151 3488 214 3551 quo
240 3464 354 3530 Cicero
378 3465 482 3530 Roma
505 3464 596 3547 afuit,
622 3463 732 3548 colligi
755 3463 831 3528 licet
856 3487 898 3528 ex
921 3486 973 3549 ep.
998 3463 1040 3528 ad
1059 3462 1122 3544 Qu.
1146 3463 1186 3528 fr.
1210 3463 1263 3527 HI
1289 3465 1328 3546 13

150 3573 183 3635 in
207 3571 301 3636 huius
326 3571 412 3635 enim
427 3571 586 3657 epistulae
602 3575 619 3657 ξ
640 3573 747 3635 1-14
764 3569 880 3636 Cicero
897 3592 996 3655 saepe
1014 3569 1147 3655 quidem
1164 3568 1327 3654 Caesaris,

151 3700 319 3764 nunquam
359 3687 466 3742 autem
500 3677 604 3743 Iuliae
630 3679 711 3742 facit
743 3679 956 3760 mentionem,
996 3677 1088 3741 cuius
1127 3684 1264 3740 mortem
1294 3676 1328 3740 in

151 3789 169 3871 ξ
194 3788 245 3869 17,
270 3784 358 3872 quod
382 3794 481 3869 caput
496 3786 633 3850 Romam
656 3807 808 3850 reversus
825 3807 855 3850 a.
875 3783 905 3850 d.
923 3784 984 3850 ΧΙ.
1003 3783 1078 3849 Kal.
1097 3781 1170 3850 Oct.
1188 3783 1329 3869 scripsit,

152 3893 331 3976 significat3
370 3892 449 3957 dum
479 3891 581 3976 igitur
609 3892 725 3957 Cicero
760 3892 794 3956 in
824 3891 980 3977 Arpinati
1017 3898 1087 3955 erat
1111 3929 1154 3939 ι-
1177 3890 1330 3955 ludorum

152 3999 267 4064 diebus
291 4000 320 4087 (ᾗ
347 3999 377 4090 1)
400 4040 445 4050 -
468 3998 591 4085 aliquot
614 3998 728 4064 saltem
751 4022 811 4084 per
835 3997 904 4062 dies
928 3998 1033 4062 Iuliae
1066 4008 1204 4062 mortem
1237 3997 1330 4081 igno-

152 4127 243 4172 rasse
267 4107 407 4173 videtur.

258 4215 312 4303 92)
337 4214 432 4279 Hanc
457 4211 614 4301 epistulae
638 4222 767 4299 partem
785 4212 911 4296 Cicero,
937 4222 1116 4298 antequam
1133 4234 1162 4277 a.
1181 4211 1213 4277 d.
1230 4211 1329 4277 XIII.

152 4319 227 4385 Kal.
253 4319 325 4386 Oct.
349 4321 383 4384 in
406 4322 522 4386 urbem
546 4344 589 4386 ex
620 4320 705 4385 villis
738 4319 845 4403 rediit,
879 4319 1082 4406 conscripsit,
1115 4318 1150 4382 id
1175 4318 1263 4404 quod
1287 4340 1331 4382 ex
