2954 4748
713 246 757 311 49

146 424 272 507 dIcero,
297 423 330 488 id
355 423 443 509 qnod
459 422 498 489 L.
516 422 663 507 Langius
688 429 733 509 (p.
758 422 836 506 338)
860 423 948 504 fecit,
973 445 1046 488 cnm
1062 422 1128 488 alia
1144 424 1327 489 testimonia

146 531 389 614 desiderentur,
412 552 476 596 non
501 530 617 596 audeo.

252 640 316 720 69)
342 637 439 703 Hanc-
463 636 635 723 cpistulam
650 646 736 722 post
769 659 913 701 mensem
936 636 1083 722 Aprilem
1113 637 1224 703 datam
1256 661 1326 703 esse

145 769 196 812 ex
220 745 462 830 comparatione
486 746 555 809 eins
579 767 652 809 cum
669 767 720 829 cp.
738 743 782 809 ad
797 746 866 810 Att.
883 743 931 808 IV
955 747 1061 810 9-11
1080 744 1168 810 facta
1185 756 1328 828 constat;

150 875 251 939 porro
276 873 386 918 mense
410 851 494 917 Nor.
520 850 598 916 data
622 874 686 916 nnn
711 861 759 914 est
783 852 842 927 cfr.
867 874 917 936 ep.
945 853 997 916 13.
1044 850 1109 916 Sed
1134 874 1208 916 cum
1232 875 1327 917 accu-

151 960 267 1043 ratius,
292 981 354 1045 qno
373 980 482 1023 mense
500 958 577 1023 data
594 959 644 1044 sit,
670 958 798 1023 deliniri
814 969 966 1044 nequeat,
990 958 1148 1026 sententia
1166 958 1327 1024 Koerneri

146 1073 199 1153 (p.
224 1068 291 1150 32),
315 1067 370 1152 qui
394 1087 477 1138 cum,
492 1064 565 1130 aliis
582 1066 714 1130 exeunti
731 1065 818 1130 Maio
835 1087 907 1130 earn
924 1064 1092 1149 adscribit,
1115 1065 1326 1131 fundamento

145 1188 252 1239 caret.
1408 1158 1410 1162 ’

263 1281 317 1362 70)
343 1280 467 1346 Caesar
497 1279 542 1362 (b.
568 1302 600 1364 g.
625 1279 673 1343 IV
697 1282 754 1365 19)
782 1279 892 1344 lunam
923 1280 1054 1363 plenam
1086 1289 1327 1364 commemorat,
1411 1287 1413 1291 ’

145 1410 238 1474 quae
256 1386 389 1451 ‘decimo
414 1386 468 1450 vel
493 1387 604 1473 quinto
639 1387 765 1452 decimo
797 1386 850 1450 die
882 1396 957 1450 ante
991 1386 1209 1472 propinquam
1242 1387 1328 1451 diem

147 1494 351 1580 aequinoctii
375 1493 534 1558 acciderit
556 1494 591 1578 (I.
615 1492 637 1560 l.
661 1496 735 1578 3613
767 1494 827 1562 vix
850 1493 951 1577 igitur
974 1492 1118 1558 dubitari
1141 1493 1226 1578 licet,
1250 1495 1328 1579 quin
1364 1496 1366 1498 ’

151 1601 237 1667 haec
260 1600 338 1665 luna
362 1600 460 1685 plena
483 1602 579 1666 luerit
603 1624 652 1683 ea,
683 1623 781 1687 quam
805 1611 899 1665 nocte
931 1610 1005 1664 ante
1030 1599 1114 1685 prid.
1138 1600 1214 1667 Kal.
1239 1601 1328 1686 Sept.

148 1711 324 1794 (30.-31.
343 1707 448 1795 Sext.)
473 1709 549 1773 anni
566 1708 685 1773 Iuliani
709 1707 868 1774 accidisse
893 1707 1035 1772 siderum
1060 1708 1155 1792 periti
1172 1718 1331 1773 testantur

160 1816 235 1899 (cfr.
259 1815 492 1899 Napoleonem,
518 1815 659 1881 ‘histoire
684 1815 724 1879 de
749 1815 841 1880 Jules
867 1814 978 1880 Cesar*
1002 1814 1036 1878 II
1062 1816 1144 1896 1803
1177 1815 1328 1880 Caesaris

152 1922 190 1990 b.
215 1920 292 2006 gall.
318 1922 370 1988 ed.
387 1923 518 1986 Kraner
542 1946 573 2007 p.
593 1923 679 2003 185).
727 1921 851 1986 Eadem
870 1931 977 1985 autem
994 1944 1060 1986 nox
1076 1922 1137 1985 fuit
1147 1935 1222 2005 post
1245 1926 1328 1989 diem
1363 1980 1365 1986 ,

147 2042 315 2116 qrrnrtnrn,
340 2055 433 2114 quom
458 2039 580 2097 rentum
606 2039 650 2095 est
674 2035 707 2095 in
734 2031 949 2097 Britonnhnn
975 2028 1008 2111 (l.
1034 2028 1053 2094 l.
1079 2051 1106 2093 c.
1132 2031 1206 2111 28);
1243 2029 1328 2092 unde

152 2136 409 2204 Caesarem-die
433 2135 580 2200 XXVII.
605 2134 737 2200 Sextilis
761 2136 861 2200 nostri
885 2135 1038 2220 temporis
1068 2135 1100 2199 in
1126 2135 1330 2200 Britanniam

149 2243 330 2309 advenisse
355 2254 479 2307 certum
504 2251 551 2306 est
574 2242 609 2326 (l.
636 2241 655 2308 l.
680 2245 740 2323 223
770 2242 935 2326 Bergkius
968 2242 1000 2305 in
1024 2241 1187 2308 Fleckeis.
1219 2242 1329 2308 annal.

151 2349 263 2436 suppl.
289 2350 353 2416 vol.
371 2350 457 2414 XIII
473 2375 505 2436 p.
523 2351 710 2436 nra—613,
734 2358 770 2414 ut
786 2349 839 2414 die
856 2352 909 2415 25.
927 2349 995 2413 eins
1011 2334 1130 2413 mensis
1147 2349 1329 2433 advenerit,

149 2458 227 2523 *fieri
251 2480 346 2542 posse
370 2456 512 2542 probare
536 2469 671 2521 conatus
696 2466 753 2540 cst,
778 2479 844 2521 non
866 2455 1042 2544 probavit).
1077 2439 1178 2521 Porro
1196 2457 1329 2546 Caesar,

150 2574 332 2650 antequam
356 2564 389 2628 in
406 2564 611 2629 Britanniam
627 2565 764 2648 traiecit,
789 2562 921 2650 aliquod
937 2573 1064 2654 tempus
1080 2564 1114 2627 in
1130 2564 1330 2629 MorInorum

154 2671 275 2736 finibus
300 2672 500 2756 consumpsit
525 2670 558 2734 in
583 2671 723 2736 navibus
748 2670 979 2756 comparandis
1014 2681 1045 2734 et
1076 2670 1245 2735 obsidibus
1274 2694 1331 2756 po·

151 2778 317 2844 :stulandis
335 2778 613 2864 accipiendisque,
638 2779 694 2864 qui
710 2800 782 2842 mea
798 2778 958 2842 sententia
974 2777 1161 2863 quindecim
1176 2778 1245 2843 sere
1261 2778 1335 2842 dies

156 2885 289 2955 fuerunt
321 2884 431 2968 (Caes.
463 2883 495 2950 b.
529 2906 562 2968 g.
598 2884 646 2948 IV
683 2887 757 2971 22);
793 2884 836 2949 ad
871 2884 1015 2949 Morinos
1051 2893 1160 2949 autem
1194 2895 1331 2955 uenerat

158 2992 309 3057 Rhenum
347 2992 468 3055 flumen
507 3015 550 3055 ex
585 2991 705 3056 finibus
741 2990 901 3056 Ubiorum
940 3001 1021 3055 cum
1048 2991 1196 3056 exercitu
1228 3002 1331 3056 trans·

157 3121 302 3184 gressus,
339 3108 512 3183 postquam
547 3107 679 3183 pontem
702 3098 736 3162 in
771 3097 884 3163 Rheno
918 3099 1041 3163 factum
1075 3098 1208 3162 rescidit
1242 3098 1275 3188 (l.
1310 3099 1330 3164 l.
1400 3122 1403 3127 “
1451 3136 1454 3143 ·

160 3208 201 3273 19
226 3216 257 3270 et
281 3207 347 3294 20),
372 3204 459 3291 quod
483 3206 554 3289 iter,
590 3228 664 3270 cum
688 3215 772 3269 esset
796 3205 941 3271 CXCIII
971 3204 1094 3269 milium
1125 3228 1332 3270 romanorum

156 3313 396 3402 (ninneton.
432 3336 463 3397 p.
498 3314 616 3378 17911
643 3313 729 3395 180),
766 3311 880 3377 decem
906 3313 975 3376 fere
1009 3312 1124 3377 diebus
1153 3313 1331 3377 confecisse

154 3418 312 3499 ·videtur;
345 3419 493 3484 Rhenum
527 3420 626 3504 igitur
659 3421 781 3499 flumen
816 3419 946 3505 reliquit
978 3420 1046 3483 fere
1080 3429 1154 3484 ante
1184 3420 1332 3505 quintum

160 3536 193 3591 et
218 3525 409 3591 vicesimum
434 3526 531 3608 diem,
564 3550 662 3612 quarn
686 3527 719 3590 in
744 3526 949 3590 Britanniam
972 3526 1063 3595 venit
1086 3525 1243 3615 (Napoleo
1267 3526 1288 3593 l.
1311 3526 1332 3593 l.

159 3657 191 3718 p.
220 3634 280 3698 181
307 3634 512 3718 computavit
535 3635 578 3698 43
602 3635 670 3697 1111
695 3633 777 3713 dies)
802 3633 822 3698 i.
848 3655 876 3699 e.
901 3633 989 3698 circa
1013 3633 1100 3697 diem
1131 3633 1175 3699 II.
1200 3633 1332 3698 Sextilis

159 3739 277 3805 Iuliani
313 3746 430 3826 calpho
456 3753 553 3824 porte
587 3746 719 3809 aestates
750 3745 874 3826 reliquo
899 3740 1006 3828 (Caes.
1030 3738 1051 3807 l.
1082 3740 1102 3805 l.
1128 3743 1193 3829 20).
1240 3741 1333 3805 Idem

135 3857 249 3920 ,trans
274 3848 423 3911 Rhenum
448 3847 517 3910 dies
546 3847 675 3912 omnino
699 3846 818 3911 XVIII
853 3847 1053 3932 consumpsit
1087 3846 1119 3933 (l.
1144 3847 1164 3913 l.
1191 3850 1253 3936 19),
1288 3849 1335 3912 ita

159 3964 194 4019 ut
219 3953 272 4017 die
295 3955 363 4018 fere
386 3954 463 4020 XV.
488 3954 607 4018 mensis
632 3953 806 4035 Quinctilis
828 3954 948 4018 flumen
972 3954 1076 4038 primo
1111 3963 1334 4039 transgressus

157 4083 231 4134 esse
256 4061 417 4127 videatur.
465 4060 531 4126 Sed
562 4061 676 4126 decern
709 4060 824 4125 diebus
853 4083 934 4146 pons
966 4061 998 4124 in
1023 4061 1135 4126 Rheno
1167 4063 1334 4127 confectus

154 4178 209 4233 est
233 4167 265 4256 (l.
290 4167 310 4233 l.
337 4169 401 4257 18),
434 4179 465 4233 et
489 4168 612 4255 aliquot
635 4179 709 4233 ante
734 4167 849 4232 diebus
875 4167 998 4233 Caesar
1022 4167 1173 4253 Usipetes
1197 4169 1335 4233 Tencte-
