2954 4748
719 220 762 285 36

264 399 319 482 31)
343 396 490 481 Angelus
515 397 622 463 Maius
639 397 709 482 (Or.
735 398 755 465 l.
780 398 800 465 l.
825 422 857 484 p.
882 400 971 486 349),
995 422 1136 485 quocum
1151 400 1332 467 Fischerns

90 522 92 531 ·
148 526 287 590 quoqne
304 503 428 587 (Roem.
445 504 573 570 Zeittaf.
599 528 630 590 p.
654 507 734 588 244)
757 506 846 589 secit,
870 506 1050 572 orationem
1066 506 1183 573 Idibus
1197 509 1330 575 Ianuar.

146 611 233 676 ‚anni
257 612 423 697 sequentis
446 612 480 676 in
496 621 613 677 senatu
630 611 777 677 habitam
792 635 863 678 esse
880 613 1037 696 coniecit;
1060 613 1116 680 alii
1132 615 1181 682 uti
1196 615 1331 681 Momm-

147 740 253 784 senus
276 719 401 804 (Roem.
418 718 537 786 Gesch.
555 719 616 798 III,
644 721 735 805 177⁷)
759 718 800 784 de
824 741 910 785 anno
934 722 977 786 66
1000 721 1242 806 cogitaverunt,
1266 745 1329 809 quo

154 825 296 892 Crassus
312 847 428 891 censor
443 834 525 890 teste
536 825 713 892 Plutarcho
726 827 849 905 (Crass.
867 829 931 914 13),
947 837 984 894 ut
996 827 1175 895 Ptolemaei
1192 851 1329 915 regnum

156 932 390 1019 publicaretur,
407 933 585 1000 contendit.
637 933 727 1015 Quid
743 933 870 1019 igitur?
894 934 948 999 Ex
963 935 1155 1020 fragmentis
1172 920 1329 1003 orationis

31 1106 33 1110 ,
145 1050 188 1107 et
210 1039 406 1106 scholiastae
430 1041 663 1105 commentario
688 1040 830 1126 collego:
858 1044 889 1128 1)
912 1041 1078 1129 Crassum,
1102 1065 1166 1129 quo
1182 1054 1328 1130 tempore
1376 1079 1378 1085 >

156 1149 262 1215 oratio
277 1146 335 1212 illa
352 1169 372 1212 a
388 1146 547 1213 Cicerone
564 1147 678 1213 habita
694 1158 753 1230 est,
777 1148 971 1236 postulasse,
988 1159 1024 1214 ut
1040 1150 1190 1236 Romani,
1206 1151 1328 1237 quippe

144 1255 274 1342 -quibus
310 1255 485 1343 Aegyptus
519 1253 721 1338 haereditate
756 1255 940 1343 obtigisset,
978 1278 999 1322 a
1030 1279 1108 1342 rege
1142 1256 1327 1324 Ptolemaeo

156 1362 312 1449 pecunias
336 1362 506 1446 exigerent
521 1362 574 1446 (fr.
588 1362 657 1426 114
673 1372 704 1425 et
720 1362 806 1427 IIIl
833 1373 865 1427 et
888 1385 1004 1429 comm.
1029 1362 1153 1451 schol),
1176 1367 1211 1445 2)
1236 1365 1328 1430 Cice-

156 1492 269 1535 ronem
293 1469 405 1535 Crassi
428 1469 602 1534 avaritiam
626 1468 804 1554 castigasse
828 1470 881 1551 (fr.
906 1471 922 1534 Ι
949 1473 964 1534 1
991 1480 1023 1533 et
1046 1471 1066 1535 2
1090 1493 1164 1535 cum
1188 1478 1327 1556 comm),

143 1579 188 1664 3)
211 1576 351 1641 eundem
375 1576 565 1642 Ciceronem
590 1586 621 1640 et
644 1575 865 1649 Ptolemaeum
887 1578 1327 1663 61161111861(Ι1.ΙΙΙ26)3

155 1706 230 1748 curn
254 1690 385 1761 comm.)
409 1694 441 1747 et
465 1682 541 1747 belli
566 1682 703 1767 gerendi
719 1705 886 1748 suasorem
904 1684 1068 1748 exstitisse
1083 1684 1157 1768 (cfr.
1173 1685 1326 1773 Aquilam

153 1791 246 1857 Rom.
271 1790 303 1854 in
321 1790 429 1856 Halm.
445 1790 528 1855 rhet.
545 1790 622 1855 min.
638 1813 669 1875 p.
686 1792 730 1855 26
746 1799 777 1854 et
793 1791 890 1856 Mart.
908 1789 1033 1876 Capell.
1050 1790 1173 1856 ibidem
1189 1814 1222 1877 p.
1238 1793 1325 1880 478).

143 1890 252 1965 Unde
276 1898 430 1962 efficitur:
1135 1982 1137 1986 Ι

266 2011 296 2095 1)
320 2005 406 2072 ldib.
430 2006 501 2071 Ian.
527 2015 558 2069 et
588 2015 653 2070 toto
683 2027 768 2070 anno
799 2006 843 2070 56
871 2005 1052 2070 orationem
1082 2006 1232 2072 habitam
1262 2029 1324 2072 non

155 2135 244 2194 essa3
280 2135 357 2177 nam
390 2113 484 2177 brevi
515 2122 591 2176 ante
615 2112 665 2179 ld.
691 2113 859 2203 Ciceronis
890 2123 1025 2198 propter
1054 2110 1256 2199 religionem,
1291 2124 1325 2179 ut

151 2220 358 2285 Ptolemaeus
381 2221 450 2284 sine
474 2217 622 2284 exercitu
645 2219 867 2304 reduceretur,
892 2221 1054 2285 sententia
1069 2231 1139 2285 erat
1155 2230 1187 2286 et
1203 2219 1238 2286 in
1254 2244 1325 2287 eam

142 2328 348 2392 :sententiam
373 2328 567 2392 factumest
591 2326 705 2391 Idibus
729 2327 808 2413 ipsis
832 2327 865 2394 S.
891 2327 928 2394 C.
953 2328 1044 2411 (fam.
1068 2328 1085 2391 l
1111 2329 1194 2411 1,3;
1218 2331 1250 2413 2,
1280 2332 1324 2410 l),

155 2434 293 2500 Crassus
319 2456 394 2498 vero
424 2457 461 2498 eo
492 2443 638 2518 ternpore
668 2433 756 2498 idem
787 2435 854 2499 fere
890 2445 989 2521 atque
1013 2434 1130 2501 Cicero
1160 2435 1324 2501 sentiebat

141 2541 242 2624 ·(fam.
268 2542 283 2604 Ι
310 2543 338 2622 1,
363 2542 407 2625 3).
454 2540 608 2618 2),Α11110
633 2541 676 2606 66
700 2541 881 2605 orationem
896 2542 956 2606 vix
971 2541 1119 2607 habitam
1136 2563 1225 2624 esse3
1249 2564 1324 2606 nam

107 2705 108 2708 ,
153 2647 293 2732 primurn
318 2647 450 2733 quidem
475 2669 561 2712 anno
585 2646 639 2712 illo
667 2649 694 2712 si
727 2649 811 2713 forte
841 2647 962 2712 bellum
994 2649 1027 2713 in
1049 2649 1207 2736 Aegypto
1242 2660 1323 2732 erat,

142 2755 334 2847 ‚gerendum
366 2766 437 2820 erat
472 2766 587 2820 contra
620 2756 726 2840 ipsum
749 2746 982 2840 Ptolemaeum,
1008 2755 1124 2821 Cicero
1149 2766 1259 2821 autem
1291 2756 1322 2820 in

153 2863 299 2928 oratione
324 2873 355 2927 et
378 2861 557 2927 Ptolemaei
580 2872 737 2947 patronus
761 2862 969 2946 cognoscitur
993 2872 1025 2927 et
1048 2861 1093 2926 ad
1116 2861 1238 2928 bellum
1270 2885 1323 2948 ge·

151 2969 289 3034 rendum
319 2959 490 3052 hortatur,
520 2969 639 3034 deinde
679 2971 745 3034 ianr
779 2979 847 3033 tum
879 2969 1070 3035 Ciceronem
1102 2969 1221 3035 Crasso
1257 2981 1324 3035 tam

152 3078 280 3142 fortiter
304 3077 515 3143 adversatum
539 3100 608 3141 esse
632 3100 731 3161 aegre
754 3076 832 3140 inihi
856 3077 1057 3162 persuadeo,
1076 3075 1222 3162 ,denique
1238 3079 1323 3143 anno

153 3186 195 3250 63
219 3185 252 3248 in
276 3184 423 3248 oratione
448 3183 489 3248 de
513 3183 585 3268 lege
609 3186 743 3268 agraria
766 3183 870 3248 altera
893 3186 946 3269 (41
972 3193 1004 3248 et
1027 3185 1083 3269 42)
1107 3194 1201 3248 tanta
1231 3184 1324 3250 dubi-

152 3292 275 3358 tatione
299 3291 341 3355 de
365 3313 465 3356 eausa
488 3291 658 3379 Aegyptia
680 3292 784 3356 verba
807 3291 896 3374 feeit,
927 3301 962 3355 ut
985 3289 1041 3354 illa
1065 3299 1174 3355 aetate
1199 3300 1324 3357 certam

152 3398 193 3463 de
210 3421 249 3464 ea
265 3397 449 3483 opinionem
465 3397 609 3462 nondum
624 3397 812 3482 concepisse
828 3397 991 3464 videatur.
1031 3396 1142 3478 Quare
1167 3382 1320 3484 equidem

151 3504 280 3590 Langio
304 3504 338 3590 (l.
356 3503 376 3571 l.
394 3528 425 3590 p.
450 3507 529 3589 320)
544 3503 710 3569 adsentior
734 3505 913 3569 orationem
929 3504 1077 3569 habitam
1093 3526 1163 3568 esse
1181 3515 1324 3572 exeunte

143 3635 237 3677 anno
270 3615 324 3695 57,
360 3634 423 3698 quo
451 3623 598 3696 tempore
633 3623 665 3676 et
698 3612 730 3675 in
766 3622 883 3676 senatu
919 3611 959 3675 de
994 3634 1072 3696 rege
1096 3611 1324 3679 Alexandrino

152 3730 261 3785 aetum
285 3730 333 3783 est
357 3719 448 3801 (farn.
472 3719 489 3782 Ι
516 3721 542 3798 l,
567 3721 587 3783 3
603 3718 667 3783 Dio
691 3719 847 3784 XXXIX
872 3722 926 3798 12)
950 3730 992 3803 et,
1017 3720 1094 3806 quia
1117 3742 1168 3783 res
1192 3719 1226 3783 in
1250 3720 1325 3785 reli-

151 3827 281 3911 gionem
309 3826 453 3891 nondum
485 3835 620 3890 venerat
643 3826 720 3911 (Dio
743 3826 764 3892 l.
789 3826 810 3892 l.
838 3829 902 3913 15),
936 3837 972 3892 ut
996 3826 1118 3891 bellum
1140 3837 1323 3912 gereretur,

142 3934 282 3998 suaderi
306 3943 445 4018 poterat.
461 3939 485 4015 3)

222 4057 388 4167 *ml-m
407 4101 453 4154 est
472 4100 502 4153 in
521 4100 618 4155 codice
638 4097 771 4166 palimps.
791 4100 969 4154 scholiastae
989 4098 1046 4162 (Or.
1066 4113 1093 4167 p.
1112 4098 1165 4154 362
1185 4097 1204 4151 Ι.
1223 4098 1323 4166 2-3):
1421 4126 1423 4131 ·

140 4207 215 4246 aaut
235 4189 306 4260 quod
323 4190 453 4259 peritiam
476 4190 545 4257 facit
573 4189 714 4255 pretiosae,
742 4189 959 4243 emendandum
978 4188 1109 4242 videtur:
1138 4186 1217 4242 ‘narn
1244 4189 1324 4255 quod

149 4281 292 4350 pueritiae
311 4278 382 4333 facit
400 4277 598 4333 mentionem'.
