2954 4748
758 265 800 328 24

192 450 262 511 'erot
276 446 439 520 eiusmodi,
463 451 497 510 ul
513 445 592 509 atilli
608 445 693 508 altra
710 444 944 526 qrtodriapeato
961 444 1051 508 milio
1068 444 1172 508 liceret
1189 448 1272 521 essa·
1290 438 1375 504 haec

194 550 279 614 euim
305 549 419 616 CCCC
444 548 532 614 milia
557 557 665 612 utrum
688 547 720 609 in
746 546 818 629 lege
835 558 982 611 correcta
998 569 1040 610 an
1057 545 1203 611 noudum
1220 556 1374 611 correcta

101 683 102 687 ¹
193 657 314 721 fuerint
337 657 458 743 scripta
483 669 513 719 et
538 665 645 719 utrum
669 652 711 718 ab
735 653 816 718 urhe
840 676 883 717 an
900 652 942 717 ab
958 652 1054 718 Italia
1070 652 1275 718 numeranda
1294 654 1371 735 siut,

85 782 87 785 ·
193 785 258 828 non
289 764 366 828 satis
397 762 506 849 liquet.
553 760 715 847 Equidem
743 761 853 824 facere
882 782 946 824 non
976 782 1118 846 possum,
1149 761 1228 846 quin
1265 760 1371 825 verba

193 867 250 935 illa
284 891 357 934 oum
381 868 532 954 Zumptio
556 867 640 954 (Das
668 865 924 932 Criminulrecht
957 875 1017 934 etc.
1051 888 1083 953 p.
1111 868 1303 953 ert-433)
1339 879 1370 932 et

195 976 322 1061 Langio
347 977 411 1063 [III
435 977 537 1061 304²)
561 985 675 1040 contra
699 960 998 1061 Drumanimm(11
1022 975 1101 1060 257)
1124 975 1166 1039 de
1197 977 1369 1056 rogatione

196 1082 339 1147 nondum
363 1091 509 1146 correcta
533 1081 736 1167 interpreter,
762 1081 952 1165 praesertim
977 1103 1050 1147 cum
1076 1080 1139 1146 Dio
1164 1081 1368 1168 [XXXVIII

197 1190 251 1276 17)
274 1199 306 1254 et
321 1189 514 1254 Plutarchus
531 1188 613 1275 (Cic.
638 1191 694 1273 32)
711 1188 814 1251 mains
831 1179 970 1272 spatium
988 1188 1020 1251 in
1037 1187 1110 1272 lege
1127 1187 1194 1254 lata
1209 1188 1367 1276 scriptum

195 1296 295 1362 fuisse
319 1305 416 1360 testes
441 1295 513 1362 sint.
559 1295 630 1359 Iam
653 1277 731 1358 uero
755 1294 932 1379 quaeritur,
961 1305 1039 1380 quot
1063 1294 1192 1359 milibus
1217 1295 1368 1361 Ciceroni

196 1403 279 1487 lege.
297 1412 443 1467 correcta
466 1401 674 1466 interdictum
699 1400 759 1482 sit3
783 1399 976 1465 Plutarchus
1000 1402 1086 1466 enim
1104 1400 1254 1466 Clodium
1271 1403 1368 1468 inter-

199 1509 322 1573 dixisse
356 1509 474 1592 refert,
510 1530 550 1572 ne
582 1508 668 1572 intra
707 1507 1002 1593 quingentesimum
1034 1508 1148 1573 Italiae
1183 1508 1369 1575 milliarium

197 1616 315 1682 Cicero
339 1615 556 1700 recipcretnr3
603 1615 668 1678 Dio
697 1627 804 1678 autem
829 1613 1057 1680 MMMDCCL
1084 1615 1194 1680 stadia
1222 1615 1369 1700 tradidit,

196 1745 280 1808 quae
297 1721 563 1787 CCCCLXVllI
586 1722 654 1785 fere
671 1720 760 1784 milia
776 1743 911 1786 romana
927 1721 1026 1785 fuisse
1042 1722 1240 1787 recentiores
1257 1745 1369 1788 omnes

197 1830 381 1915 opinantur,
407 1829 498 1914 isque
521 1850 674 1893 numerus
698 1828 848 1914 Zumptio
873 1827 906 1915 (l.
931 1827 950 1895 l.
974 1850 1004 1914 p.
1029 1831 1096 1895 430
1118 1832 1202 1915 squ.)
1226 1831 1373 1896 maxime

198 1935 354 2021 probatur
378 1958 449 1999 cam
474 1935 618 2022 obrem,
643 1936 738 2021 quod'
754 1935 796 2000 ab
820 1935 901 2000 urbe
925 1936 1130 2022 Leucopetra
1153 1948 1257 2021 tenus,
1282 1940 1370 2025 quod

197 2051 378 2106 extremum
402 2041 515 2106 Italiae
539 2025 592 2106 est*
603 2043 870 2128 promenturium,
893 2041 1028 2106 totidem
1044 2041 1132 2106 milia
1148 2055 1370 2111 numerantur.

198 2149 294 2231 Quod
319 2160 431 2214 contra
456 2148 631 2214 dicendum
655 2162 712 2232 est,
737 2150 844 2234 spatia
867 2172 951 2235 quae
975 2173 993 2213 a
1017 2148 1125 2213 Dione
1149 2159 1180 2213 et
1196 2150 1372 2217 Plutarcho¹

197 2257 238 2321 de
262 2256 429 2322 Ciceronis
453 2256 567 2320 exsilio
592 2257 712 2320 tradita
736 2268 819 2338 sunt,
844 2257 975 2321 minime
998 2257 1082 2320 inter
1105 2279 1139 2321 se
1164 2258 1371 2344 discrepare,

197 2364 315 2428 etenim
339 2387 412 2427 cnm
437 2386 479 2428 ex
503 2365 619 2428 Dionis
643 2365 769 2429 ratione
793 2363 921 2448 singula
944 2362 1033 2429 milia
1057 2387 1211 2450 passuum
1234 2388 1372 2433 romana

196 2493 262 2536 non
286 2479 403 2535 octona
418 2470 476 2534 sed
492 2480 629 2556 septena
645 2470 751 2536 stadia
767 2480 799 2535 et
814 2470 963 2535 semisses
979 2493 1050 2535 esse
1066 2465 1192 2536 constet
1208 2472 1371 2559 (Hultsch,

197 2577 389 2662 Metrologie
403 2600 435 2663 p.
444 2578 532 2644 5702
545 2578 603 2644 cfr.
619 2577 760 2642 Dionem
772 2577 836 2642 LII
848 2580 915 2662 21),
928 2577 1156 2644 MMMDCCL
1171 2579 1281 2645 stadia
1297 2591 1373 2647 sunt

198 2685 270 2771 ipsa
286 2684 318 2749 D
341 2684 442 2769 milia,
466 2708 550 2771 quae
574 2685 689 2750 eadem
705 2684 899 2751 Plutarchus
915 2685 1054 2771 scripsit.
1100 2685 1255 2753 Dubitari
1271 2688 1374 2772 igitur

197 2791 319 2878 nequit,
343 2792 422 2877 quin
438 2791 469 2857 D
486 2791 574 2856 milia
597 2792 631 2855 in
654 2791 727 2876 lege
751 2801 898 2856 correcta
920 2792 1044 2877 scripta
1059 2792 1189 2859 fuerint.
1218 2794 1373 2882 Denique

157 2966 160 2970 Α
198 2897 280 2964 haec
302 2899 335 2963 D
358 2896 447 2964 milia
470 2899 513 2964 ab
544 2899 636 2982 urbe,
672 2921 736 2964 non
765 2898 807 2963 ab
831 2898 928 2964 ltalia
959 2899 1180 2985 computanda
1210 2901 1309 2966 fuisse
1342 2914 1374 2973 et

198 3005 264 3069 Dio
289 3005 323 3090 (l.
347 3005 382 3089 l.)
407 3015 542 3071 testatur
566 3015 597 3072 et
621 3006 736 3072 Cicero
760 3006 851 3070 initio
876 3005 1034 3092 epistulae
1058 3010 1079 3070 2
1102 3006 1180 3071 satis
1209 3005 1373 3091 declarat3

199 3112 294 3178 addit
318 3112 449 3199 quidem
474 3113 557 3179 Dio:
587 3122 639 3182 καὶ
663 3116 683 3204 ἡ
708 3115 738 3181 ἐν
761 3128 798 3202 τῇ
823 3115 947 3200 Σικελίᾳ
971 3117 1108 3204 διατριβὴ
1133 3114 1310 3206 drappalia,
1341 3126 1374 3181 et

200 3219 315 3285 Cicero
332 3219 463 3285 Melitae
487 3243 520 3284 se
545 3243 614 3285 esse
639 3244 702 3284 non
726 3213 857 3286 licuisse
873 3221 981 3285 Attico
1007 3220 1071 3303 (ΙΙΙ
1094 3223 1128 3304 4)
1153 3220 1279 3306 prodit3
1314 3224 1374 3288 sed

80 3396 87 3408 ,
199 3325 297 3390 hasce
332 3325 453 3390 insulas
489 3327 580 3391 adire
612 3337 647 3391 ut
672 3326 787 3393 Cicero
825 3336 1002 3413 vetaretur,
1038 3327 1144 3392 edicto
1169 3327 1206 3394 0.
1231 3327 1374 3413 Vergilii

199 3433 368 3518 praetoris,
393 3455 457 3496 non
480 3433 553 3518 lege
578 3431 748 3516 Clodiana,
772 3434 894 3498 factum
918 3454 988 3497 esse
1005 3432 1134 3497 videtur
1151 3432 1277 3517 (Plano.
1302 3437 1373 3519 96).

309 3542 362 3623 10)
386 3539 467 3603 Dies
490 3549 573 3606 extr.
598 3550 649 3624 ep.
667 3539 852 3625 adscriptus
868 3541 902 3603 in
919 3538 1136 3624 suspicionem
1152 3542 1293 3605 vocatus
1305 3551 1373 3622 est3

91 3726 93 3734 γ
200 3645 411 3711 Drumannus
436 3646 480 3731 (V
503 3648 570 3712 640
593 3646 668 3712 adn.
694 3648 750 3728 57)
774 3668 879 3732 neque
910 3645 996 3709 hunc
1028 3644 1114 3710 die-m
1137 3668 1258 3732 neque:
1284 3670 1314 3714 a.
1340 3648 1373 3715 d.

201 3757 292 3821 Vlll.
317 3743 404 3838 Kal',
438 3755 493 3841 qui
518 3754 644 3819 diesin
676 3754 748 3819 eod.
774 3753 1028 3818 Helmstadiensi
1060 3753 1207 3839 adparet,
1237 3755 1374 3821 retineri
1412 3786 1414 3791 ·

200 3882 295 3945 posse
319 3859 460 3940 iudicat3
483 3860 741 3945 Wesenbergius
766 3860 936 3945 epistulam
962 3859 1071 3924 datam
1096 3881 1167 3923 esse
1190 3858 1261 3924 vult
1284 3855 1315 3928 a.
1342 3862 1375 3930 d.

200 3969 289 4035 Xlll.
314 3966 368 4032 vel
391 3971 464 4043 Xll.
488 3967 564 4033 Kal.
589 3967 654 4033 Sed
686 3966 766 4032 nihil
797 3966 1033 4031 immutandum
1064 3974 1121 4031 est.
1168 3966 1253 4031 Nam
1284 3982 1376 4054 quod

200 4075 290 4140 initio
306 4074 463 4162 epistulae
481 4079 499 4142 'l
518 4077 709 4142 Ciceronem
733 4099 762 4140 a.
788 4075 818 4141 d.
844 4078 932 4143 XIV.
945 4073 1021 4139 Kal.
1038 4075 1144 4140 Maias
1160 4074 1376 4142 Brundisium

200 4183 328 4248 venisse
352 4182 480 4268 legitur,
505 4196 692 4268 suspectum
716 4203 788 4248 esse
810 4182 931 4268 nequit,
956 4192 1130 4268 propterea
1154 4182 1241 4266 quod
1266 4184 1378 4268 pridie

200 4288 276 4356 Kal.
300 4289 377 4357 Mai.
410 4289 525 4355 Cicero
554 4290 739 4376 Brundisio,
775 4288 831 4353 uhi
855 4289 1012 4352 tredecim
1040 4289 1109 4353 dies
1143 4290 1250 4354 luerat
1283 4292 1377 4374 (lam.
