2954 4748
708 233 752 296 55

145 428 335 492 Koernerns
370 428 502 513 quidem
534 428 575 513 (p.
611 428 666 518 46)
698 450 772 492 curn
802 427 917 492 Bootio
948 427 1005 511 (ad
1029 428 1097 494 An.
1129 428 1179 493 IV
1211 430 1262 513 15,
1288 432 1322 517 7)

148 534 321 621 epistulam
345 533 434 599 illam
463 535 508 599 ad
532 535 595 617 Ωιι.
620 536 658 601 fr.
690 534 787 620 paulo
819 544 895 598 ante
924 534 1010 600 hauc
1040 535 1082 600 ad
1107 537 1177 601 An.
1207 537 1321 602 datam

145 665 215 709 esse
240 642 303 706 sibi
326 643 508 727 persuasit,
533 653 567 706 at
590 664 675 728 qnae
692 642 760 707 eins
777 642 958 707 sententiae
975 643 1100 728 profert
1116 647 1320 729 argumenta,

147 770 227 813 sane
259 749 426 834 levissima
461 758 545 814 sunt.
602 749 749 814 Etenim:
800 752 831 835 1)
856 748 1049 814 Ciceronem
1082 751 1322 828 accuratiorem

147 879 258 921 rerum
282 856 431 922 notitiam
454 857 488 920 in
517 879 568 942 ep.
591 856 649 921 illa
680 856 722 921 ad
746 858 816 922 An.
850 855 972 921 habere
1003 856 1098 938 dioit3
1132 857 1189 922 sed
1218 859 1251 921 in
1281 879 1323 922 ea

153 964 196 1028 ad
220 966 289 1030 Att.
313 963 454 1050 epistula
471 963 622 1029 Ciceroni
644 963 707 1028 hoc
729 963 931 1049 propositum
954 972 1015 1048 est,
1038 973 1074 1027 ut
1097 986 1151 1030 res
1166 976 1321 1030 romanas¹

149 1080 304 1136 accurate
329 1071 434 1136 amico
460 1080 616 1156 exponat,
640 1071 674 1134 in
698 1093 750 1156 ep.
776 1080 885 1136 autem
908 1070 950 1135 ad
976 1071 1038 1152 Qu.
1063 1071 1102 1139 fr.
1127 1072 1322 1137 sententiam

148 1201 241 1243 snam
265 1179 306 1243 de
334 1177 482 1262 longiore
513 1178 626 1242 fratris
658 1177 746 1263 apud
771 1177 948 1243 Caesarem
979 1179 1233 1243 commoratione
1266 1177 1322 1264 po-

148 1286 308 1350 tissimum
331 1284 442 1370 prodit
466 1294 498 1349 et
521 1284 624 1349 obiter
648 1294 777 1350 tantum
808 1285 842 1348 in
874 1294 1022 1350 extrema
1054 1307 1105 1370 ep.
1136 1307 1244 1371 pauca
1279 1285 1321 1350 de
1384 1367 1386 1373 Ι

149 1392 249 1456 rebus
272 1391 413 1477 publicis
438 1391 542 1476 addit,
575 1391 662 1456 unde
685 1393 809 1457 factum
834 1400 892 1480 est,
924 1402 961 1456 ut
984 1392 1018 1456 in
1041 1391 1105 1456 hac
1135 1415 1186 1478 ep.
1217 1392 1321 1457 multa

147 1500 352 1585 praeteriret,
370 1522 454 1584 quae
470 1499 504 1563 in
520 1498 577 1563 illa
593 1499 768 1584 expressit,
792 1500 825 1586 2)
842 1521 948 1585 neque
961 1498 1105 1563 concedo
1119 1499 1322 1584 Ciceronem,

150 1629 213 1692 quo
238 1616 384 1691 tempore
408 1605 580 1691 epistulam
608 1606 652 1671 ad
677 1605 740 1687 Ωιι.
769 1606 809 1672 fr.
843 1606 958 1690 daret,
981 1628 1038 1670 eas
1063 1605 1178 1687 Quinti
1207 1604 1320 1671 literas

146 1713 293 1777 nondum
317 1713 494 1799 accepisse,
522 1713 661 1800 quasin
691 1728 742 1798 ep.
774 1713 818 1778 ad
841 1714 908 1779 An.
934 1715 964 1799 (ᾗ
982 1714 1045 1799 ’10)
1073 1722 1323 1795 commemorat,

149 1842 226 1885 narn
250 1820 334 1886 ratio
357 1819 523 1907 loquendi,
558 1844 623 1907 qua
650 1820 684 1883 in
715 1842 765 1905 cp.
799 1819 841 1885 ad
865 1821 934 1886 An.
965 1820 1080 1904 utitur,
1116 1833 1190 1883 cum
1214 1818 1322 1885 dicat:

149 1953 187 1996 en
212 1931 325 2012 Quinti
345 1930 465 2010 fratris
488 1933 591 1997 literis
613 1931 766 2010 conspicor,
789 1926 869 1991 satis
893 1925 1041 1991 declarat
1065 1949 1139 1990 eum
1162 1926 1204 1991 de
1227 1926 1323 1990 brevi

145 2034 201 2099 illa
227 2034 341 2115 Quinti
365 2034 506 2120 epistula
528 2035 765 2122 ειιροιγμοιτικιῑις’
788 2032 911 2118 scripta
935 2032 1055 2114 dicere,
1086 2032 1129 2097 ad
1158 2054 1258 2118 quam
1289 2032 1323 2097 in

146 2165 196 2228 ep.
222 2141 265 2207 ad
290 2141 354 2223 Ωιι.
378 2142 418 2207 fr.
444 2141 517 2225 (cfr.
541 2143 559 2226 ξ
583 2143 617 2224 2)
641 2139 827 2226 respondet.
1048 2130 1049 2134 ¹

255 2249 296 2312 ln
320 2251 337 2334 ᾗ
361 2250 382 2314 2
406 2247 665 2332 Wesenbergins
688 2269 794 2333 neque
824 2255 913 2311 recte
943 2245 1148 2331 interpunxit
1175 2268 1237 2311 nec
1265 2230 1324 2311 sno

77 2346 85 2361 ’
146 2357 216 2421 iure
240 2378 300 2441 pro
324 2381 395 2424 neca
418 2360 609 2423 aoniscientia
632 2354 776 2440 (meinos
791 2353 963 2439 Wisseus’)
987 2353 1134 2439 scripsit:
1160 2378 1229 2448 mea
1252 2378 1324 2421 con-

147 2468 294 2549 fidentia3
318 2463 408 2528 locus
424 2462 471 2527 ita
486 2460 646 2546 legendus
663 2469 729 2527 est:
754 2485 809 2543 nec
824 2448 1008 2529 laboramus
1023 2460 1124 2544 (caaz
1141 2454 1324 2545 laborant,

150 2569 206 2637 Or.
232 2579 264 2635 et
286 2571 395 2638 Wes:
435 2567 696 2656 laborandum),
731 2572 813 2654 qnod
837 2593 907 2636 mea
930 2572 1122 2636 conscientia
1156 2572 1324 2651 aopiarnna

151 2691 348 2758 nostrornm,
372 2681 455 2764 qnod
475 2675 636 2757 Caesario,
660 2680 745 2764 qnod
763 2679 895 2759 Pompei
906 2679 1051 2762 qratiam
1067 2686 1224 2758 tantamne,
1247 2679 1324 2742 inec

152 2809 209 2864 nnc,
233 2795 266 2851 nt
290 2788 457 2870 tonandam,
478 2787 615 2866 saniant.

255 2891 295 2954 In
326 2894 344 2977 ξ
374 2893 396 2954 4
427 2890 549 2957 verba:
586 2895 717 2960 coitione
750 2893 886 2959 Meneni
915 2898 959 2958 cst
992 2913 1051 2974 qao
1084 2912 1154 2956 anno
1180 2888 1324 2956 Domitio

153 2997 330 3083 desperata
358 2991 449 3080 sunt,¹
480 2999 513 3062 in
541 2998 591 3081 iis,
622 3020 706 3083 quae
734 3006 904 3062 secuntur:
940 3001 1023 3064 hanc
1049 2996 1193 3064 Scaurus
1222 2988 1323 3062 annm

152 3111 277 3174 vincere
313 3105 463 3190 verbum,
502 3103 590 3190 quod
630 3103 749 3168 dicitnr
782 3090 918 3188 finitum,
958 3101 1173 3185 desideratur,
1212 3092 1323 3187 itaque

151 3213 411 3298 Wesenbergius
440 3203 646 3277 de‘vincere
673 3213 788 3297 potest’
822 3209 998 3295 cogitavit,
1031 3208 1089 3274 sed
1122 3208 1192 3273 sine
1223 3206 1323 3273 dubio

155 3342 173 3383 e
206 3343 287 3385 voce
310 3322 430 3385 ‘uuum’
454 3319 651 3384 eliciendum
681 3329 730 3383 est
757 3318 896 3383 verbum
919 3315 1020 3401 ‘vult',
1052 3315 1140 3402 quod
1169 3313 1323 3380 librarius

151 3425 206 3491 vel
241 3450 315 3491 curn
350 3450 431 3492 voce
465 3427 585 3492 ‘nuum’
622 3425 834 3491 commutavit
868 3423 921 3489 vel
955 3434 1030 3510 post
1052 3424 1155 3488 ‘uuus’
1189 3431 1326 3508 propter

153 3532 396 3598 similitudinem
420 3534 545 3619 omisit,
569 3532 700 3618 scripsit
722 3532 823 3617 igitur
848 3531 964 3598 Cicero
988 3530 1055 3599 vel:
1079 3535 1162 3599 hana
1180 3531 1325 3599 Scanrns

157 3645 223 3710 anit
245 3645 368 3708 vincere
391 3638 458 3706 vel:
482 3645 566 3709 haria
591 3642 734 3708 Soanrns
755 3663 840 3708 nnns
862 3643 927 3707 anit
948 3643 1081 3706 uincere.

258 3748 313 3836 86)
336 3747 488 3813 Exeunte
520 3770 563 3814 m.
596 3745 712 3812 Sextili
741 3744 856 3814 Cicero
884 3745 978 3810 fratri
1011 3743 1142 3830 scripsit
1170 3734 1247 3830 (Ωιι.
1282 3743 1323 3809 fr.

151 3855 186 3920 ΙΙ
204 3858 255 3942 15,
279 3858 331 3944 4):
358 3857 561 3925 Oinoandois
581 3859 664 3936 mant
675 3864 749 3924 inas
764 3858 802 3923 de
817 3855 1003 3922 Britannia
1018 3856 1129 3920 literas
1142 3855 1154 3918 !
1176 3854 1324 3921 timebant

151 3987 311 4046 arcannm,
334 3967 483 4033 iinnbarn
498 3967 574 4032 iitns
589 3966 732 4063 insniae3
756 3960 847 4048 atqui
864 3959 1021 4041 Quintum
1037 3959 1146 4025 statim
1161 3958 1214 4023 vel
1232 3957 1325 4022 brevi

153 4080 326 4158 postquam
361 4071 404 4137 ad
428 4069 633 4149 Britanniam
666 4068 804 4134 feliciter
838 4063 1095 4152 accessit,'eam
1126 4088 1196 4131 rem
1230 4063 1325 4129 fratri

154 4178 356 4244 nuntiavisse
392 4187 597 4265 compertum*
626 4175 752 4259 habeo,
792 4174 849 4240 sed
872 4173 1041 4261 epistulae
1073 4159 1326 4238 ex⁵Britannia

152 4284 289 4350 Romam
310 4284 500 4352 ferebantur
524 4283 660 4371 septimo
683 4283 752 4348 fere
775 4291 807 4347 et
829 4281 986 4367 tricesimo
1018 4279 1082 4366 die,
1113 4279 1162 4344 uti
1193 4300 1235 4344 ex
1259 4278 1323 4360 Ωιι.
