2954 4748
707 285 751 353 58

146 467 165 550 5
191 465 232 528 14
255 472 364 550 patet3
400 463 461 529 hoc
485 465 571 529 enim
594 464 665 529 loco
697 465 815 529 iterum
839 464 910 552 (cfr.
936 467 953 550 5
977 466 998 529 6
1021 472 1053 528 et
1080 465 1110 556 7)
1135 465 1251 546 Quinti
1283 465 1325 531 ir.

24 565 28 575 ’
147 571 189 636 de
213 571 350 636 aedibus
375 582 407 636 et
430 571 495 636 filio
520 581 639 637 tractat
662 580 694 635 et
725 594 764 636 ea
791 570 924 658 quidem
948 571 1093 657 exponit,
1127 594 1223 658 quae,
1257 594 1322 658 qno

145 687 292 764 tempore
309 681 326 764 5
342 680 363 743 6
387 687 418 743 et
443 680 460 743 7
478 679 618 764 scripsit,
643 678 788 743 nondum
804 679 997 762 cognovisse
1014 678 1154 744 videtur.
1191 678 1325 764 Scripta

110 849 113 856 ,
146 793 255 850 autem
279 795 327 848 est
351 807 400 868 ea,
435 784 476 849 de
500 808 566 871 qna
590 785 718 869 agimus
742 794 846 872 parte,
877 785 1034 871 proximis
1059 796 1132 870 post
1157 785 1207 852 Id.
1233 785 1323 871 Sept.

149 891 265 957 diebus
289 892 321 980 (5
344 893 366 956 4
389 901 421 956 et
445 893 477 981 8)
501 893 534 956 in
558 892 712 978 Arpinati
736 893 766 981 (5
792 895 805 957 1
834 903 866 957 et
890 895 955 982 21).

177 1063 179 1068 .
259 1000 313 1088 93)
337 999 482 1064 Primum
507 999 637 1085 scripsit
661 999 777 1065 Cicero
802 1001 978 1085 §ll-16,
1004 999 1133 1083 deinde,
1159 1022 1233 1064 cum
1259 1001 1325 1086 epi·

147 1104 265 1171 stulam
288 1104 377 1171 illam
401 1107 468 1170 iam
484 1105 705 1192 complicaret,
730 1107 831 1171 literis
848 1130 868 1171 a
885 1106 1027 1172 Caesare
1052 1117 1083 1170 et
1108 1131 1127 1172 a
1150 1108 1251 1172 fratre
1270 1128 1322 1171 ac-

148 1213 253 1299 ceptis
278 1216 295 1299 5
321 1213 461 1297 17-18,
497 1213 637 1299 denique
660 1213 745 1277 inter
778 1236 903 1297 cenam,
937 1237 1021 1299 quae
1053 1224 1128 1278 sunt
1162 1213 1238 1300 in5
1272 1216 1324 1297 19,

149 1318 297 1386 dictavit.
344 1320 415 1384 Iam
445 1342 523 1384 vero
556 1342 640 1406 quae
669 1331 825 1385 secuntur
849 1327 868 1404 5
892 1323 1024 1386 20—22
1056 1320 1214 1385 eiusmodi
1238 1331 1325 1404 sunt,

148 1435 185 1490 ut
208 1426 346 1511 posteris
371 1426 488 1491 diebus
520 1426 653 1491 additae
689 1449 758 1491 esse
791 1427 982 1510 videantur,·
1017 1427 1324 1514 quare'Koernero,

148 1533 205 1618 qui
229 1533 272 1621 (p.
302 1534 357 1621 53)
386 1532 444 1598 has
480 1536 497 1619 5
528 1536 660 1599 20-22
694 1533 809 1599 eodem
841 1533 894 1598 die
927 1557 991 1620 quo
1027 1534 1099 1599 illas
1135 1542 1155 1618 5
1192 1536 1323 1601 14-19

149 1639 289 1724 scriptas
325 1662 395 1704 esse
429 1640 620 1724 arbitratur,
660 1641 812 1726 equidem
844 1664 908 1705 non
943 1641 1120 1708 adsentior.
1176 1641 1322 1722 Quando

150 1746 292 1832 scriptae
316 1746 380 1811 sint
404 1750 421 1832 5
448 1748 587 1831 14-19,
621 1771 664 1812 ex
688 1751 705 1834 5
732 1750 770 1813 17
797 1748 1014 1832 cognoscitur,
1047 1748 1105 1813 ubi
1129 1748 1198 1812 sine
1223 1748 1322 1813 dubio

150 1875 224 1916 cum
240 1853 375 1918 Bardtio
400 1853 619 1941 (quaestiones
636 1854 818 1939 Tullianae,
843 1853 951 1921 Berol.
978 1855 1063 1921 1866
1087 1878 1119 1941 p.
1144 1857 1219 1944 32):
1245 1882 1275 1924 a.
1293 1859 1323 1924 d.

153 1952 224 2026 XI.¹
242 1963 319 2029 Kal.
343 1968 475 2045 septimo
498 1971 526 2029 et
549 1967 694 2029 uicesimo
718 1966 770 2030 die
793 1961 969 2046 legendum
994 1971 1051 2046 est,
1087 1961 1175 2048 quod
1198 1962 1326 2029 utinam

149 2065 408 2152 Wesenbergins
432 2069 465 2131 in
490 2068 701 2154 epistularum
726 2068 902 2133 editionem
925 2069 1119 2154 recepisset!

258 2175 313 2263 94)
337 2175 390 2238 Ex
413 2175 524 2239 verbis
548 2175 611 2239 illis
636 2175 788 2240 Caesaris
813 2175 857 2264 (b.
882 2197 914 2259 g.
939 2175 970 2238 V
994 2177 1067 2264 23);
1104 2179 1186 2262 quod
1218 2180 1328 2261 etoqui-

148 2287 289 2350 aoctimo
312 2286 441 2350 suberat
472 2282 611 2347 eundem
635 2281 733 2368 paulo
766 2291 841 2346 ante
875 2281 962 2346 diem
984 2282 1095 2349 XXV.
1121 2282 1211 2369 Sept.
1249 2282 1328 2346 anni

149 2386 268 2451 Iuliani
291 2410 348 2452 666
372 2388 469 2474 paulo
494 2398 568 2452 ante
592 2388 642 2454 ld.
661 2386 734 2454 Oct.
760 2389 836 2453 anni
860 2388 980 2453 veteris
1003 2389 1037 2452 in
1055 2387 1198 2463 Galliam
1221 2399 1329 2453 trans·

149 2493 275 2558 misisse
298 2494 486 2559 Koernerus
511 2497 555 2584 (p.
580 2496 634 2583 60)
668 2495 836 2561 conclusit.
883 2496 928 2560 At
959 2496 1063 2561 verba
1086 2496 1150 2560 ista
1175 2495 1329 2562 Caesaris

149 2601 288 2665 fortasse
312 2601 411 2666 latius
434 2601 683 2687 interpretanda
706 2612 789 2669 sunt.
836 2602 965 2667 Etenim
988 2603 1054 2667 iam
1078 2626 1108 2670 a.
1126 2602 1158 2669 d.
1176 2603 1234 2667 VI.
1252 2601 1328 2674 Kal,

151 2706 223 2773 Oct.
248 2709 411 2774 exercitus
443 2709 677 2795 reportabatur
709 2709 927 2775 eBritannia
951 2710 1034 2795 (Att.
1058 2709 1107 2774 IV
1134 2711 1184 2796 18,
1209 2711 1262 2792 5),
1297 2718 1330 2774 et

150 2837 350 2902 quamquam
373 2839 410 2880 eo
438 2825 583 2903 tempore
612 2839 713 2895 naves
743 2840 784 2881 ex
818 2818 998 2882 continenti
1028 2819 1183 2882 remissae
1214 2818 1330 2883 aBri-

150 2922 282 2988 tannieo
315 2922 408 2988 litore
431 2924 572 2988 reiectae
601 2934 633 2988 et
664 2947 681 2987 a
708 2923 851 2989 Caesare
874 2923 1095 3010 ‘aliquamdiu'
1123 2924 1248 2988 frustra
1273 2947 1331 2988 ex-

152 3039 320 3115 spectatae
350 3040 434 3114 sunt,
465 3042 574 3095 tamen
604 3031 735 3094 ineunte
761 3029 841 3096 Oct·
858 3031 935 3094 anni
963 3032 1083 3095 veteris
1111 3053 1168 3095 seu
1197 3031 1331 3097 circiter

151 3137 238 3202 diem
264 3137 308 3203 X.
326 3136 416 3224 Sept.
442 3138 520 3202 anni
536 3137 655 3202 Iuliani
672 3138 871 3201 transmissio
896 3137 1060 3202 exercitus
1077 3137 1119 3203 ad
1131 3202 1132 3207 ,
1143 3137 1241 3202 finem
1256 3160 1332 3223 per·

154 3244 254 3328 ducta
271 3267 341 3309 esse
357 3254 464 3330 potest
480 3244 587 3333 (Caes.
604 3244 624 3310 l.
641 3244 685 3333 1.).
710 3244 818 3330 Atque
835 3245 933 3308 etiam
956 3245 1123 3331 superiore
1148 3266 1234 3309 anns
1259 3246 1328 3332 (56)

152 3351 241 3416 circa
265 3351 351 3415 diem
374 3351 453 3416 XIl.
479 3351 568 3437 Sept.
593 3351 670 3415 anni
693 3349 754 3416 Iul.
773 3350 948 3416 Caesarem
980 3375 997 3416 e
1020 3351 1193 3416 Britannia
1216 3374 1332 3419 rever·

151 3457 229 3522 tisse
264 3469 296 3522 et
320 3457 502 3544 Napoleoni
535 3457 698 3547 (histoire
721 3457 756 3520 II
782 3457 856 3546 181)
886 3469 917 3521 et
944 3458 1023 3522 mihi
1047 3457 1137 3545 (vide
1169 3457 1246 3524 adn.
1275 3460 1330 3544 70)

152 3587 344 3650 persuasum
368 3574 425 3649 est,
451 3564 511 3629 etsi
535 3564 605 3650 ipse
622 3564 746 3630 Caesar
763 3569 950 3650 propinquo
974 3569 1025 3632 die
1042 3570 1233 3651 aequinoctii
1257 3587 1333 3629 eam

151 3694 221 3761 rem
245 3673 392 3736 evenisse
417 3671 548 3757 scripsit
571 3671 615 3758 (b.
640 3693 673 3755 g.
696 3670 746 3734 1V
770 3673 836 3757 36).

259 3779 314 3865 95)
338 3779 378 3842 Ι6
402 3802 441 3843 66
464 3801 515 3864 ep.
539 3801 575 3842 se
610 3777 737 3842 duobus
770 3778 936 3843 mensibus
971 3777 1014 3842 ad
1038 3778 1230 3843 Trebatium
1264 3801 1333 3842 non

113 3884 119 3890 ’
153 3885 323 3971 scripsisse
341 3885 457 3951 Cicero
480 3894 617 3950 testatur
632 3887 663 3971 (5
690 3887 736 3970 1)3
762 3885 854 3971 atqui
871 3908 955 3970 quae
972 3885 1138 3950 antecedit
1154 3883 1294 3971 epistula
1312 3885 1333 3952 8

152 3992 284 4057 ineunte
308 4015 350 4059 m.
368 3990 485 4058 Sextili
508 3992 577 4057 fere
602 3992 680 4057 data
703 4000 761 4075 est,
785 3991 833 4056 uti
857 3991 890 4055 in
916 3992 992 4058 adn.
1010 3992 1051 4057 88
1069 3992 1205 4077 exposui
1213 4018 1223 4073 ;
1247 4014 1328 4077 ergo

154 4122 205 4186 ep.
230 4103 251 4166 9
274 4100 405 4165 ineunte
429 4100 497 4164 fere
522 4098 595 4165 Oct.
622 4099 701 4166 data
725 4108 774 4162 est
807 4108 838 4162 et
873 4121 931 4163 suo
964 4098 1034 4163 iure
1058 4099 1223 4183 Bergkius
1248 4097 1293 4185 ll..
1308 4098 1330 4165 l.

152 4229 184 4293 p.
209 4209 273 4273 623
298 4207 374 4273 adn.
398 4209 433 4292 4)
457 4228 529 4272 eam
561 4205 659 4292 paulo
689 4215 763 4291 post
787 4227 838 4291 ep.
863 4205 906 4271 ad
931 4204 994 4287 Qu.
1019 4206 1058 4272 fr.
1083 4206 1146 4289 III,
1173 4208 1188 4269 1
1215 4205 1330 4270 datam
1386 4188 1389 4193 Δ

153 4337 223 4381 6666
247 4314 397 4380 coniecit.
445 4313 644 4397 Koernerus,
680 4312 737 4399 qui
770 4335 820 4399 ep.
852 4312 941 4378 illam
979 4312 999 4378 8
1032 4322 1171 4377 exeunte
1196 4312 1333 4393 Quinot.
