2954 4748
688 221 731 287 53

199 399 202 403 ’
227 400 283 485 ’19)
306 398 435 463 Priores
460 397 524 463 duo
549 399 618 463 eius
643 399 749 485 operis
773 398 847 463 libri
872 399 1010 464 confecti
1034 410 1128 465 erant
1155 409 1296 466 exeunte

115 528 230 571 mense
255 504 327 571 Oct.
353 504 627 590 (Qu.fr.1115,
653 509 668 570 l
696 506 753 572 cfr.
778 508 809 591 4,
833 508 886 589 6);
919 516 1031 592 postea
1056 506 1171 572 Cicero
1195 516 1295 572 totam
1418 564 1422 579 ,

114 614 189 678 eius
213 611 355 677 indolem
370 621 496 694 mutare
520 611 632 698 voluit,
657 636 756 699 quam
779 622 899 698 tamen,
922 613 970 679 uti
993 615 1187 699 fragmenta,
1212 637 1296 701 quae

114 730 304 806 supersunt,
329 743 404 784 cum
427 720 477 803 iis,
492 720 592 806 'quae
615 722 685 806 ipse
710 720 835 786 Tullius
859 721 902 786 ad
927 721 990 802 Qu.
1015 722 1054 787 11.
1078 722 1185 804 1115,
1212 724 1227 785 1
1254 722 1295 787 (15

113 828 228 914 priore
252 825 360 892 indole
385 836 508 912 narrat,
534 827 663 893 conlata
687 827 815 913 docent,
839 828 970 893 retinuit
994 829 1066 913 (cfr.
1091 828 1155 910 Qu.
1179 830 1219 893 fr.
1243 829 1295 894 ΠΙ

112 936 151 1018 5,
175 937 221 1017 2).
268 934 388 999 Totum
412 957 493 1020 opus
519 935 705 999 absolutum
728 935 960 1019 1511511051,
985 944 1159 1021 antequam
1179 936 1294 1002 Cicero

115 1042 155 1105 ,in
181 1040 331 1107 Ciliciam
356 1042 520 1126 profectus
544 1050 593 1106 est
617 1043 700 1125 (Att.
724 1041 755 1106 V
780 1044 831 1126 12,
856 1044 876 1108 2
901 1051 932 1107 51
955 1042 1004 1106 Vl
1030 1045 1058 1127 1,
1083 1042 1127 1126 8).

228 1148 283 1234 80)
307 1149 375 1214 Α11.
401 1147 450 1212 IV
475 1150 527 1233 14,
554 1152 569 1213 1
596 1148 719 1214 tradita
743 1149 873 1214 suntin
896 1149 1045 1214 Mediceo
1068 1149 1150 1214 haec
1173 1149 1292 1215 verba:

112 1267 147 1326 te
169 1258 275 1324 Romu
300 1282 329 1324 0.
354 1259 385 1323 d.
418 1257 473 1323 VI.
499 1259 552 1324 Id.
577 1260 692 1325 Maius
709 1265 828 1340 putare
844 1258 1022 1341 profectam
1045 1280 1118 1336 5555,
1142 1280 1226 1343 quae
1248 1257 1314 1322 ita·

68 1382 70 1384 ·
116 1361 263 1446 intellegi
287 1370 462 1448 nequeunt.
508 1363 624 1449 Itaque
640 1362 896 1447 Wesenbergius
920 1364 1106 1449 proposuit:
1124 1376 1295 1448 -putore

108 1471 336 1554 profecturam
370 1493 445 1553 5555,
482 1469 570 1568 quod
600 1480 735 1555 propter
769 1469 850 1534 illud
885 1470 972 1557 quod
1007 1471 1168 1556 sequitur:
1202 1475 1294 1540 aelim

113 1580 246 1645 domant
271 1580 315 1644 nd
340 1588 368 1646 te
389 1581 513 1645 scribas
530 1577 658 1642 admitti
674 1599 738 1642 non
754 1586 877 1662 11015511
902 1577 1102 1642 Schmidtius
1118 1577 1152 1642 in
1167 1577 1292 1644 libello:

115 1683 188 1748 Zur
202 1682 325 1766 ¹Kritik
353 1683 422 1748 und
450 1683 659 1768 Erklaerung
691 1683 750 1748 der
780 1684 890 1749 Briele
922 1684 1066 1749 Cicero's
1097 1707 1141 1749 an
1164 1679 1305 1750 Atticus

115 1789 279 1876 (Norimb.
314 1791 413 1873 1819)
445 1789 542 1859 illud:
568 1800 688 1875 putore
718 1791 862 1856 mutavit
890 1791 922 1855 in
953 1793 1109 1876 ‘mature’,
1141 1790 1226 1856 belle
1259 1792 1294 1857 id

114 1896 261 1983 quidem,
296 1897 354 1961 sed
378 1897 485 1965 minus
510 1897 683 1982 probabile
712 1880 846 1983 propter
875 1920 1008 1966 vocem:
1039 1903 1176 1978 tardius,
1208 1921 1293 1985 quae

120 2004 243 2070 verba:
256 2005 436 2088 profectam
452 2028 518 2072 5555
533 2005 566 2069 in
582 2004 674 2069 libris
687 2005 829 2090 excipit,
845 2004 1033 2070 Koernerus
1050 2010 1095 2090 (p.
1112 2007 1155 2072 39
1168 2005 1245 2071 adn.
1261 2009 1293 2089 1)

116 2111 283 2194 cogitavit
298 2110 339 2175 de
354 2113 483 2196 ‘putare
500 2113 562 2193 se’3
578 2111 658 2175 nihil
673 2112 778 2196 magis
795 2110 902 2197 placet
920 2133 1019 2197 quam
1034 2112 1152 2196 ‘putari
1167 2112 1293 2197 1110150·

112 2224 187 2280 tum
211 2219 299 2303 5555,
328 2217 416 2304 quod
441 2218 565 2303 recepit
588 2218 755 2301 Baiterus3
779 2218 948 2283 Vestorius
971 2217 1073 2302 igitur
1095 2217 1291 2285 Puteolanus
1381 2292 1383 2296 ³

111 2331 195 2388 tunc
218 2323 321 2390 Roma
345 2323 466 2390 afuisse
489 2325 630 2391 videtur.
893 2313 895 2317 ⁵
1179 2346 1182 2351 ·

225 2431 280 2510 81)
292 2431 405 2520 Multa,
416 2454 501 2518 quae
511 2431 621 2500 dehac
632 2455 683 2518 ep.
694 2431 874 2518 disputavit
884 2432 1072 2497 Koernerus
1081 2433 1126 2519 (p.
1136 2434 1292 2521 39-40),

114 2537 197 2602 satis
220 2537 348 2604 lubrica
372 2547 456 2605 sunt.
503 2539 617 2626 Neque
641 2539 727 2604 enim
744 2539 936 2605 Ciceronem
958 2539 1025 2604 iam
1042 2561 1071 2605 5.
1090 2539 1122 2607 d.
1139 2539 1197 2606 VI.
1215 2538 1290 2606 Kal.

112 2645 190 2712 lun.
215 2669 233 2710 e
259 2645 406 2711 Cumano
430 2645 483 2710 vel
506 2647 705 2739 Pompeiano
729 2647 866 2712 Romam
888 2647 1070 2732 profectum
1094 2669 1164 2712 esse
1188 2647 1291 2712 credi-

112 2752 238 2835 derim,
287 2773 360 2815 curn
399 2753 469 2839 ipse
509 2775 543 2818 55
581 2777 684 2840 usque
723 2753 765 2818 ad
805 2752 881 2820 Kal.
920 2754 992 2820 lun.
1030 2754 1063 2817 in
1101 2752 1181 2818 locis
1220 2754 1290 2821 istis

110 2858 262 2921 futurum
286 2879 355 2921 esse
379 2866 515 2923 testatus
539 2861 580 2924 sit
604 2860 681 2945 (Qu.
704 2861 745 2926 fr.
769 2860 804 2926 II
829 2862 881 2944 12,
907 2863 939 2943 1)
963 2868 1049 2926 eta.
1074 2860 1106 2926 (1.
1130 2860 1189 2927 IV.
1205 2861 1289 2928 Non.

115 2965 189 3029 Iun.
206 2963 343 3028 Romam
367 2965 493 3029 venerit
517 2971 581 3051 (ep.
607 2969 659 3054 13,
685 2971 716 3052 1)
740 3009 784 3017 —
808 2976 886 3054 quot
909 2967 997 3032 milia
1013 2968 1129 3053 quovis
1146 2967 1199 3032 die
1215 2990 1290 3033 con-

108 3071 238 3158 ·1555111,
262 3068 360 3156 plane
378 3071 567 3156 ignoramus
582 3097 643 3156 -3
659 3097 763 3161 neque
779 3084 858 3161 quot
882 3073 997 3140 diebus
1019 3083 1094 3140 ante
1111 3074 1290 3140 discessum

116 3201 211 3244 suum
235 3178 409 3264 epistulam
428 3179 667 3265 conscripserit,
691 3204 829 3269 usquam
844 3181 1010 3267 proditur,
1033 3203 1139 3268 neque
1155 3205 1218 3267 quo
1236 3182 1289 3246 die

112 3284 257 3365 *Quintus
275 3286 391 3352 Cicero
408 3284 550 3351 Arimini
571 3287 679 3372 fuerit,
704 3289 944 3370 satisconstat3
964 3289 1034 3375 ,iam
1057 3311 1135 3354 vero
1152 3311 1192 3352 ne
1208 3287 1289 3355 illud

110 3390 248 3476 2quidem
272 3416 315 3457 ex
331 3400 351 3477 ξ
368 3395 388 3459 3
405 3393 590 3459 necessario
606 3395 780 3480 colligitur,
797 3395 999 3480 Ciceronem,
1023 3417 1098 3470 cum
1114 3395 1289 3481 epistulam

110 3496 219 3581 daret,
249 3498 283 3562 in
308 3499 466 3585 Cumano,
502 3511 677 3588 antequam
701 3503 839 3568 Romam
862 3502 994 3587 rediret,
1025 3502 1187 3568 neminem
1218 3502 1288 3568 fore

113 3612 258 3689 putasse,
290 3606 343 3671 cui
372 3606 484 3672 literas
519 3608 714 3674 deserendas
744 3609 849 3674 (15151.
899 3609 952 3674 Ex
982 3608 1036 3674 illo
1068 3632 1147 3675 vero
1178 3615 1212 3695 (ξ
1238 3613 1287 3694 1);

112 3720 141 3780 01
164 3736 253 3780 cram
277 3717 315 3780 ia
330 3717 445 3783 iisdem
462 3719 538 3784 locis
552 3739 648 3801 usque
664 3719 708 3785 ud
723 3719 801 3785 Kal.
818 3719 1039 3798 1551515155
1054 3725 1128 3802 post
1145 3716 1288 3782 medium

111 3839 257 3883 mensem
273 3817 408 3905 Maium,
433 3820 557 3908 aliquot
581 3822 697 3888 diebus
713 3821 879 3889 51115Κ51.
896 3822 968 3889 Iun.
985 3822 1158 3908 epistulam
1175 3823 1288 3890 datam

108 3947 182 3989 5555
206 3925 379 4012 probabile
401 3928 448 3993 fit.
495 3929 646 4017 Denique
669 3929 784 3994 decem
806 3930 874 3994 1515
897 3928 1013 3994 diebus
1037 3938 1212 4016 antequam
1235 3953 1286 4018 ep.

109 4029 193 4096 -data
226 4044 285 4118 est,
319 4033 461 4116 Quintus
493 4036 597 4102 Roma
627 4036 671 4102 ad
696 4036 872 4102 Caesarem
904 4036 1022 4101 exiisse
1054 4036 1185 4103 videtur
1213 4039 1284 4123 (cfr.

107 4136 182 4203 init.
207 4145 272 4225 51).)
296 4181 340 4190 —-
364 4142 550 4208 Ariminum
566 4143 669 4208 Roma
692 4143 755 4209 iter
776 4143 1285 4230 551216111111111(Ι1111.Α1101.

110 4266 144 4328 p.
169 4244 325 4334 58-59).
739 4263 743 4269 ’

1086 4372 1099 4410 4
